3218 4812
595 346 766 400 1111111.
787 345 862 399 one.
883 318 1002 399 37-41'.
1270 331 1330 393 157

262 510 409 572 celeriter
441 509 555 572 deiecti
588 528 622 572 se
654 510 689 571 in
717 509 809 592 signa
836 509 1083 592 manipulosque
1111 485 1265 588 coiciunt3
1296 527 1333 572 eo

264 617 368 699 magis
390 615 521 678 timidos
543 620 721 699 perterrent
744 615 870 706 milites.
917 615 972 678 alii
991 633 1095 678 cuneo
1118 616 1200 678 facto
1223 621 1260 678 ut
1283 635 1360 678 ce-2

263 723 373 786 leriter
395 728 604 805 perrumpant
627 727 771 786 censent:
802 723 954 805 quoniam
976 727 1042 784 tarn
1064 724 1243 805 propinqua
1271 723 1335 785 sint

233 833 379 912 acastre,
404 831 463 892 etsi
486 849 559 912 pars
582 829 690 911 aliqua
712 831 931 894 circumventa
954 829 1115 910 ceciderit,
1140 833 1172 891 at
1193 829 1334 910 reliquos

265 937 385 1000 servari
408 955 500 1019 posse
526 935 730 1021 [confidunt];
756 937 823 1018 alii,
846 941 884 998 ut
905 937 940 998 in
955 937 1032 1018 iugo
1048 937 1222 999 consistant
1238 941 1361 1017 atqueo

265 1043 404 1107 eundem
433 1062 543 1106 omnes
570 1045 675 1107 ferant
703 1063 820 1106 casum.
867 1045 927 1106 hoc
954 1048 1078 1106 veteres
1106 1062 1171 1105 non
1199 1043 1362 1126 probantu

264 1150 394 1232 milites,
420 1169 500 1232 quos
524 1149 583 1214 sub
607 1150 727 1234 vexillo
750 1170 817 1213 una
831 1150 988 1233 profectos
1005 1150 1180 1213 docuimus.
1226 1151 1333 1232 itaque

264 1258 348 1320 inter
370 1276 404 1319 se
428 1255 583 1320 cohortati
606 1256 687 1321 duce
713 1255 744 1319 O.
767 1256 937 1340 Trebonio,
962 1258 1068 1340 equite
1091 1257 1250 1338 Romano,
1280 1258 1335 1340 qui

223 1386 251 1428 ro
265 1364 304 1426 iis
328 1369 393 1426 erat
416 1367 628 1447 praepositus,
651 1383 709 1447 per
723 1363 845 1427 medios
861 1363 966 1428 hostes
984 1369 1198 1446 perrumpunt
1212 1363 1335 1449 incolu-

266 1489 398 1552 mesque
422 1471 462 1534 ad
486 1491 588 1537 unum
612 1489 722 1534 omnes
745 1473 785 1562 in,
804 1475 908 1534 castra
930 1471 1133 1554 perveniunt.
1178 1472 1236 1534 hos
1260 1470 1362 1534 sub-5

265 1579 366 1641 secuti
391 1579 518 1641 calones
542 1579 730 1660 equitesque
758 1578 871 1642 eodem
898 1579 1020 1661 impetu
1047 1578 1186 1641 militum
1214 1579 1333 1640 virtute

265 1690 439 1748 servantur.
491 1691 523 1748 at
550 1687 585 1768 ii,
619 1686 675 1766 qui
703 1686 737 1747 in
765 1687 840 1768 iugo
869 1686 1090 1766 constiterant,
1117 1685 1207 1748 nullo
1237 1685 1361 1748 etiams

265 1811 352 1854 nuno
375 1811 435 1855 usu
459 1793 506 1856 rei
529 1793 676 1878 militaris
699 1798 845 1875 percepto
869 1811 976 1873 neque
994 1793 1029 1854 11
1050 1811 1086 1855 eo
1112 1792 1198 1873 quod
1222 1791 1335 1874 proba-

223 1919 251 1960 re
267 1903 378 1962 verant
405 1899 538 1962 consilio
561 1918 758 1982 permanere,
782 1905 819 1962 ut
842 1919 875 1962 se
905 1899 975 1962 loco
1000 1899 1162 1982 superiore
1186 1899 1335 1962 defende-

266 2011 349 2087 rent,
372 2025 477 2088 neque
500 2026 584 2088 eam,
609 2026 705 2088 quam
727 2005 884 2089 profuisse
901 2007 970 2068 aliis
986 2006 1054 2068 vim
1078 2006 1336 2088 celeritatemque

265 2112 424 2195 viderant,
447 2114 566 2176 imitari
588 2119 774 2197 potuerunt,
799 2114 855 2176 sed
878 2115 969 2176 sein
993 2118 1095 2176 castra
1119 2114 1261 2196 recipere
1285 2132 1337 2176 oo-

232 2291 236 2300 ,
265 2219 334 2283 nati
357 2211 507 2301 iniquum
529 2221 564 2282 in
587 2220 694 2282 locum
718 2221 921 2284 demiserunt.
961 2221 1174 2301 centuriones,
1220 2237 1363 2283 uorumr

266 2346 331 2389 non
354 2327 437 2389 nulli
460 2346 501 2390 ex
523 2326 728 2391 inferioribus
752 2327 918 2390 ordinibus
945 2327 1143 2408 reliquarum
1171 2327 1336 2409 legionum

222 2451 253 2494 ao
266 2434 394 2497 virtutis
418 2453 513 2497 causa
535 2435 570 2497 in
594 2435 772 2517 superiores
801 2439 891 2497 erant
920 2435 1049 2498 ordines
1076 2435 1174 2497 huius
1202 2434 1336 2518 legionis

266 2541 417 2622 traducti,
441 2561 482 2604 ue
506 2546 578 2604 anto
601 2546 725 2624 partam
748 2543 795 2604 rei
817 2541 964 2604 militaris
992 2541 1120 2604 laudem
1149 2543 1336 2624 amitterent,
1349 2547 1365 2578 '³

266 2647 435 2711 fortissime
468 2653 648 2731 pugnantes
681 2648 897 2711 conciderunt.
947 2648 1087 2710 militum
1121 2667 1193 2730 pars
1220 2648 1363 2736 horume

267 2756 385 2818 virtute
408 2755 564 2818 submotis
588 2755 734 2818 hostibus
754 2760 879 2838 praeter
895 2773 983 2838 spem
998 2755 1170 2817 incolumis
1185 2755 1220 2816 in
1236 2760 1337 2818 castra

240 2862 425 2945 rpervonit,
457 2881 530 2944 pars
563 2881 582 2923 a
613 2861 756 2924 barbaris
789 2862 1007 2925 circumventa
1033 2863 1135 2945 periit.
1187 2860 1338 2924 Germani
1355 2873 1390 2925 41

268 2968 434 3050 desperata
457 2970 694 3052 expugnatione
718 2973 905 3051 castrorum,
929 2969 1015 3050 quod
1034 2972 1159 3031 nostros
1174 2968 1239 3030 iam
1262 2987 1337 3031 oon·

268 3075 386 3139 stitisse
409 3077 443 3137 in
465 3076 700 3139 munitionibus
723 3075 888 3156 videbant,
917 3095 991 3138 cum
1019 3094 1056 3138 ea
1082 3075 1212 3158 praeda,
1242 3093 1337 3156 quam

267 3184 301 3244 in
325 3182 414 3246 silvis
439 3183 661 3266 deposuerant,
685 3188 772 3245 trans
794 3182 944 3245 Rhenum
967 3201 1035 3245 sese
1059 3187 1256 3264 receperunt.
1300 3200 1364 3246 oca

238 3294 376 3352 stantus
398 3290 459 3352 fuit
488 3291 584 3353 etiam
610 3295 684 3372 post
711 3289 886 3353 discessum
914 3289 1053 3352 hostium
1086 3295 1200 3372 terror,
1232 3295 1269 3352 ut
1302 3308 1339 3353 ea

269 3401 360 3459 nocte
385 3416 458 3459 cum
487 3395 518 3459 O.
543 3396 727 3460 Volusenus
755 3398 872 3460 missus
901 3417 974 3459 curn
1002 3397 1146 3478 equitatu
1174 3397 1206 3457 in
1237 3401 1339 3458 castra

269 3504 420 3582 venisset,
444 3503 541 3566 fidem
557 3523 622 3567 non
638 3504 755 3567 faceret
770 3503 880 3566 edesse
897 3523 970 3566 oum
993 3503 1147 3565 incolumi
1171 3502 1339 3566 Caesarem

360 3731 376 3784 2
394 3733 421 3785 in
441 3733 514 3801 signa
533 3749 561 3786 se
580 3740 597 3800 β
628 3734 637 3801 lt
674 3735 689 3787 5
709 3732 759 3786 etsi
778 3733 816 3786 ed.
836 3733 863 3798 1,
889 3731 983 3796 Solon,
1007 3732 1131 3800 Jnonqq
1155 3734 1183 3786 et
1201 3732 1224 3786 si
1242 3732 1310 3802 ΧΨ)
1330 3731 1338 3805 ll

196 3882 199 3888 ¹
261 3817 286 3875 '6
305 3822 439 3874 confidunt
457 3822 507 3876 del.
526 3822 639 3890 JLonpo
671 3823 679 3891 li
717 3822 750 3876 10
768 3822 800 3874 iis
819 3822 868 3888 ob;
893 3821 930 3874 eis
950 3839 979 3887 o3
1003 3821 1044 3874 his
1063 3821 1092 3888 fl
1132 3823 1140 3890 ll
1182 3821 1216 3874 12
1235 3823 1338 3891 equites

267 3911 427 3978 calonesque
446 3918 462 3977 β
494 3913 502 3979 Η
535 3913 568 3965 13
588 3914 616 3964 at
633 3912 651 3964 11
671 3911 715 3979 qui
734 3910 801 3977 BM3
820 3913 848 3963 at
865 3911 924 3980 hili)
943 3911 988 3978 qui
1002 3911 1058 3979 283
1077 3914 1157 3979 atque
1169 3911 1188 3964 ii
1207 3931 1234 3982 (²3
1253 3915 1281 3965 at
1294 3913 1339 3980 qui

270 4019 292 4050 π
324 4000 333 4069 l'l
365 4001 570 4067 constiteruntp
601 4002 609 4070 ll
642 4002 675 4055 16
689 4001 813 4068 prodesse
827 4019 844 4051 a
877 4000 885 4068 tt
919 4001 950 4053 17
964 4002 1105 4068 potuerant
1117 4002 1248 4070 (poterant
1262 4001 1338 4070 8Μῖ)

269 4109 288 4140 o
320 4090 329 4154 lt
362 4089 395 4142 18
414 4090 443 4142 in
461 4107 513 4143 om.
535 4090 572 4157 Sp
603 4091 611 4159 tt
644 4089 801 4143 dimiserunt
821 4089 922 4160 SMoob
959 4089 967 4157 ll
1006 4090 1202 4160 21p01tamq
1238 4091 1246 4160 b
1282 4090 1339 4144 lau-

266 4179 330 4232 dem
349 4179 386 4231 rei
406 4177 526 4232 militaris
544 4187 561 4246 β

359 4269 577 4337 41.4Atsq
609 4269 809 4335 ciamare
