3214 4812
300 369 363 432 190
700 383 804 437 BELLI
823 383 966 438 GALLICI

301 547 449 630 depulsos
473 547 618 628 vidisset,
647 565 710 628 qno
735 547 842 610 minus
865 546 965 611 libere
992 547 1099 610 hostes
1121 547 1372 629 insequerentur

271 658 438 718 sterneret.
484 655 551 736 ipse
579 653 710 737 paulum
738 672 780 716 ex
808 672 845 716 eo
874 653 944 716 loco
973 673 1047 716 cum
1073 654 1200 736 legione
1223 673 1368 738 progres-

244 773 280 829 50
299 780 366 842 sus,
399 759 454 823 ubi
482 761 678 842 constiterat,
712 764 864 823 eventum
891 779 1017 843 pugnae
1045 761 1238 843 expectabat.
1286 759 1396 826 Cumr

299 868 451 930 acerrime
479 868 659 930 comminus
687 871 896 950 pugnaretur,
929 867 1035 930 hostes
1063 866 1132 930 loco
1165 872 1197 931 et
1224 886 1367 948 numero,

298 975 398 1036 nostri
431 975 548 1037 virtute
581 972 791 1054 confiderent,
826 973 930 1037 subito
966 978 1042 1036 sunt
1073 973 1201 1038 Haedui
1234 976 1293 1038 visi
1327 974 1366 1036 ab

297 1081 395 1144 latere
423 1081 540 1144 nostris
567 1086 688 1164 aperto,
721 1098 801 1162 qnos
829 1080 945 1144 Caesar
977 1080 1015 1144 ab
1048 1081 1160 1144 dextra
1187 1087 1275 1164 parte
1304 1081 1366 1144 alio

271 1206 433 1251 aascensu
454 1206 571 1250 manns
591 1188 792 1251 distinendae
813 1207 908 1251 causa
926 1189 1064 1251 miserat.
1103 1188 1135 1250 hi
1155 1187 1398 1254 similitudines

298 1314 460 1358 armorum
491 1295 696 1358 vehementer
730 1299 855 1358 nostros
887 1299 1137 1377 perterruerunt,
1174 1314 1210 1357 ac
1241 1295 1367 1358 tametsi

299 1402 420 1465 dextris
448 1402 567 1466 umeris
600 1402 719 1465 exertis
747 1400 1093 1483 animadvertebantur,
1127 1402 1213 1482 quod
1241 1403 1366 1483 insigne

297 1514 426 1591 pactum
450 1527 518 1572 esse
543 1512 724 1587 consuerat,
749 1512 855 1571 tamen
877 1508 911 1570 id
929 1509 1035 1590 ipsum
1056 1509 1107 1571 sui
1124 1508 1253 1571 fallendi
1272 1528 1369 1571 causa

270 1615 414 1678 amilites
437 1615 476 1678 ab
501 1613 645 1678 hostibus
668 1615 788 1678 factum
811 1615 1045 1677 existimabant.
1088 1614 1201 1678 eodem
1225 1619 1366 1698 tempore

298 1721 331 1784 L.
355 1720 473 1785 Fabius
501 1723 644 1785 centurio
674 1723 795 1804 quique
824 1742 887 1785 nna
915 1742 1042 1784 murum
1071 1721 1281 1785 ascenderant
1305 1723 1366 1785 cir·
1380 1743 1410 1785 ro

269 1849 285 1898 4,
297 1830 459 1891 cumventi
475 1834 571 1909 atque
586 1829 746 1892 interiecti
762 1829 802 1893 de
817 1849 908 1892 muro
924 1828 1223 1913 praecipitabantur.
1251 1829 1293 1891 M.
1307 1828 1366 1892 Pe-

297 1935 432 2017 tronius,
461 1934 604 1998 eiusdem
631 1935 766 2018 legionis
795 1937 951 2016 centruio,
980 1955 1055 1998 cum
1082 1941 1188 2018 portas
1217 1936 1366 1999 excidere

298 2048 430 2106 conatus
453 2047 550 2123 esset,
578 2041 825 2106 amultitudine
853 2061 1021 2125 oppressus
1049 2063 1085 2106 ac
1109 2042 1171 2106 sibi
1195 2043 1366 2127 desperans

297 2147 406 2210 multis
432 2149 497 2210 iam
524 2148 712 2211 vulneribus
745 2149 880 2230 acceptis
911 2149 1164 2232 manipularibus
1197 2152 1275 2232 sniS,
1310 2151 1365 2232 qui

296 2253 388 2316 illum
411 2255 513 2318 secuti
537 2260 641 2335 erant,
665 2254 854 2336 ‘quoniam',
881 2255 999 2337 inquit,
1023 2254 1087 2320 ‘me
1110 2277 1176 2320 una
1198 2256 1363 2320 vobiscum
1379 2276 1408 2318 15

298 2378 423 2423 servare
451 2380 515 2424 non
543 2381 686 2444 possum,
714 2366 836 2424 vestrae
865 2361 995 2444 quidem
1024 2369 1108 2426 certe
1134 2365 1216 2427 vitae
1244 2365 1365 2447 prospi-

297 2467 391 2549 ciam,
421 2487 501 2550 qnos
525 2469 696 2551 cupiditate
719 2469 837 2552 gloriae
865 2468 1023 2533 adductus
1051 2471 1085 2532 in
1107 2471 1286 2553 periculum
1311 2471 1365 2533 de-

271 2572 384 2636 sduxi.
420 2594 477 2637 vos
496 2574 569 2638 data
586 2575 735 2638 facultate
754 2576 845 2639 vobis
864 2576 1041 2639 consulite.'
1075 2577 1170 2639 simul
1189 2578 1224 2640 in
1242 2578 1365 2640 medios

296 2681 401 2744 hostes
424 2682 545 2764 imupit
568 2681 757 2765 duobusque
780 2683 953 2746 interfectis
975 2683 1116 2765 reliquos
1140 2703 1159 2745 a
1180 2689 1270 2766 porta
1287 2703 1364 2767 pau-

269 2789 364 2851 clum
387 2789 570 2852 submovit·
595 2789 785 2852 conantibus
809 2790 959 2852 auxiliari
983 2791 1050 2852 suis
1074 2789 1226 2872 ‘trustra‘,
1249 2792 1362 2873 inquit,
1377 2807 1406 2850 ao

297 2894 398 2959 ‘meae
417 2897 501 2960 vitae
525 2896 697 2961 subvenire
717 2897 890 2976 conamini,
915 2915 1008 2976 quem
1032 2897 1096 2959 iam
1116 2898 1246 2979 sanguis
1265 2899 1363 2961 vires-

297 3022 359 3084 que
387 3002 548 3066 deficiunt.
594 3004 727 3086 proinde
756 3003 852 3085 abite,
885 3003 962 3066 dum
990 3009 1037 3066 est
1064 3003 1210 3080 facultas,
1242 3023 1363 3085 vosque

296 3108 336 3169 ad
359 3108 516 3190 legionem
540 3109 691 3191 recipite’
737 3110 782 3172 ita
804 3128 951 3192 pugnans
978 3114 1048 3192 post
1069 3110 1201 3192 paulum
1225 3109 1364 3172 concidit

241 3225 276 3278 51
296 3232 333 3275 ac
361 3215 427 3276 suis
459 3215 554 3277 saluti
585 3215 653 3278 fuit.
698 3214 820 3295 Nostri,
853 3235 926 3279 cnm
959 3216 1103 3298 undique
1135 3222 1390 3299 premerentur,1

294 3318 402 3383 XLVI
430 3321 670 3384 centurionibus
698 3323 821 3385 amissis
854 3322 969 3386 deiecti
1001 3328 1076 3386 sunt
1107 3323 1185 3386 loco.
1232 3323 1288 3387 sed
1314 3324 1363 3384 in-

295 3428 482 3491 tolerantius
515 3428 622 3492 Gallos
657 3429 862 3511 insequentes
898 3430 980 3512 legio
1017 3430 1059 3494 X.
1093 3430 1242 3512 tardavit,
1280 3449 1365 3513 quae

382 3657 545 3726 6pulsosss
576 3659 585 3727 Η
617 3657 790 3726 ‘lpaulnlum
809 3677 832 3710 n

381 3765 427 3818 bt).
448 3765 465 3816 2
483 3767 645 3833 pugnaretur
663 3782 715 3818 om.
736 3784 754 3816 α
785 3765 794 3830 Η
827 3766 851 3819 3.
868 3765 885 3817 4
904 3781 920 3818 a
937 3764 1055 3833 lateress
1091 3765 1099 3836 ΗΗ
1135 3767 1295 3820 4adaxtra
1313 3784 1336 3818 π
1354 3763 1364 3836 ΗΗ

294 3853 424 3906 bmanus
443 3870 495 3906 om.
516 3872 538 3904 π
583 3851 592 3924 ΗΗ
637 3853 779 3921 Spactum
803 3853 908 3921 Heller3
932 3857 1055 3922 pacatum
1074 3854 1104 3906 X
1147 3853 1155 3925 ΗΗ
1202 3854 1235 3909 10
1253 3854 1363 3922 Fabius]

293 3941 437 4010 sabinusx
472 3940 480 4012 ΗΗ
518 3943 724 4011 ascenderanto
761 3941 769 4013 ΗΗ
807 3943 838 3995 11
860 3944 893 3996 de
911 3961 964 3996 om.
985 3962 1003 3994 a
1039 3942 1048 4014 ΗΗ
1088 3943 1294 4011 praecipitantur
1312 3961 1335 3995 π
1353 3941 1363 4014 ΗΗ

292 4029 328 4084 M.
349 4047 443 4084 onan
488 4029 496 4101 ΗΗ
543 4032 584 4084 11.
606 4030 639 4083 12
658 4030 774 4098 petreius
794 4051 822 4102 p,
845 4031 1055 4100 Preterea(?)u
1101 4030 1109 4102 ΗΗ
1157 4033 1189 4086 13
1212 4030 1364 4103 aonaflll

293 4120 342 4175 sibi
360 4127 388 4188 β;
408 4119 448 4172 sni
468 4138 485 4170 α
522 4118 530 4190 ΗΗ
568 4120 602 4172 14
619 4120 672 4174 iam
691 4128 780 4188 cmc
815 4119 823 4191 ΗΗ
861 4123 894 4176 15
913 4123 989 4175 erant
1007 4121 1127 4188 secutifi
1162 4119 1170 4191 ΗΗ
1209 4122 1241 4175 16
1255 4136 1362 4174 conser-

292 4226 356 4264 uara
376 4228 398 4261 n
435 4207 443 4279 ΗΗ
481 4209 522 4262 19.
543 4209 577 4264 20
596 4208 769 4276 ραιιΙιιΙιιωβ
804 4208 813 4280 ΗΗ
850 4211 883 4264 23
903 4210 1042 4279 paululum
1054 4227 1088 4278 ⁷¹3
1108 4210 1186 4279 paulo
1200 4209 1363 4263 *HJMuuer

381 4300 426 4354 51.
446 4298 462 4350 2
481 4297 564 4351 sex&
583 4297 686 4366 .XL.ss
721 4297 730 4370 ΗΗ
766 4299 825 4353 loco
843 4316 895 4353 om.
916 4319 938 4352 π
