3126 4968
548 373 655 427 LIBER
672 372 694 426 I.
714 372 792 428 oAP.
811 373 929 428 31-33.
1231 359 1271 421 21

205 555 308 600 sarem
340 535 392 600 vel
426 537 613 599 auctoritate
646 555 704 600 sua
736 539 833 618 atque
871 536 1032 600 exercitus
1068 536 1118 601 vel
1153 537 1273 600 recenti

204 642 338 706 victoria
369 642 422 706 vel
449 643 579 706 nomine
606 643 717 726 populi
744 642 882 706 Romani
910 643 1067 707 deterrere
1095 661 1201 726 posse,
1232 663 1274 708 ne

204 750 307 813 maior
335 749 506 814 multitude
537 749 770 813 Germanorum
796 749 946 813 Rhenum
973 749 1169 831 traducatur,
1200 749 1273 814 Gal·

163 879 190 922 eo
203 857 344 938 liamque
381 875 508 920 omnem
546 856 585 920 ab
617 857 775 920 Ariovisti
810 857 929 919 iniuria
964 875 1058 940 posse
1095 857 1272 921 defendere.

177 962 275 1028 1Hao
303 965 446 1027 oratione
481 963 521 1026 ab
549 962 715 1026 Diviciaco
748 963 858 1027 habita
886 983 1010 1046 omnes,
1044 964 1100 1046 qui
1133 965 1272 1046 aderant,
1290 970 1327 1027 32

202 1089 319 1153 magno
347 1069 426 1134 fletu
454 1070 611 1134 auxilium
640 1092 659 1135 a
682 1069 814 1134 Caesare
842 1074 949 1154 petere
977 1074 1158 1154 coeperunt
1205 1071 1300 1137 ani-a

202 1175 373 1240 maduertit
391 1175 506 1241 Caesar
528 1197 611 1241 unos
635 1196 677 1241 ex
701 1176 851 1241 omnibus
870 1175 1035 1260 Sequanos
1059 1177 1137 1240 nihil
1163 1195 1273 1240 earum

202 1301 308 1346 rerum
346 1283 461 1365 facere,
500 1303 579 1365 quas
612 1285 712 1347 ceteri
743 1284 897 1364 facerent,
933 1284 988 1347 sed
1025 1284 1133 1348 tristes
1171 1284 1273 1367 capite

175 1389 341 1455 ademisso
364 1394 481 1454 terram
503 1391 631 1453 intueri.
670 1391 740 1454 eius
758 1392 805 1454 rei
825 1409 906 1472 quaa
925 1409 1021 1454 causa
1040 1397 1123 1454 esset
1140 1391 1272 1453 miratus

203 1515 245 1559 ex
264 1497 343 1580 ipsis
363 1497 507 1580 quaesiit.
545 1497 626 1560 nihil
646 1496 787 1579 Sequani
806 1497 1011 1580 respondere,
1035 1497 1143 1561 sedin
1163 1497 1300 1564 eadema

203 1603 334 1667 tristitia
357 1605 445 1667 taciti
469 1622 663 1687 parmanere.
711 1623 784 1666 cum
813 1603 852 1666 ab
880 1605 931 1667 his
954 1605 1081 1687 saepius
1104 1609 1274 1687 quaereret

202 1729 309 1792 neque
333 1710 434 1773 ullam
452 1712 582 1774 omnino
607 1729 717 1774 vocem
737 1711 917 1794 exprimere
936 1715 1054 1793 posset,
1075 1711 1163 1775 idern
1182 1708 1273 1774 Divi-

203 1818 309 1881 ciacus
328 1816 485 1880 Haeduus
508 1816 684 1901 respondit:
709 1818 769 1880 hoc
788 1836 856 1881 esse
876 1816 1075 1880 miseriorem
1099 1822 1130 1881 et
1149 1818 1301 1900 gravio-4

163 1943 271 1988 1orem
298 1925 459 1988 fortunam
483 1922 706 2006 Sequanorum
735 1944 832 2007 quam
858 1924 1070 2006 reliquorum,
1098 1924 1185 2006 quod
1212 1925 1273 1988 soli

202 2049 244 2095 ne
271 2031 307 2093 in
335 2031 459 2095 occulto
494 2031 624 2113 quidem
653 2032 744 2113 queri
777 2051 883 2115 nequa
916 2031 1075 2094 auxilium
1103 2031 1273 2114 implorare

203 2137 357 2201 auderent
379 2138 583 2221 absentisque
606 2138 763 2201 Ariovisti
790 2137 1024 2219 crudelitatem,
1051 2137 1140 2201 velut
1166 2139 1194 2200 si
1221 2158 1273 2202 oo-

202 2263 271 2306 ram
305 2245 442 2326 adesset,
475 2244 653 2322 horrerent,
685 2249 852 2328 propterea
884 2245 970 2328 quod
1002 2244 1135 2326 reliquis
1165 2249 1300 2312 tamena

202 2351 295 2435 fugae
314 2352 448 2416 facultas
469 2351 611 2432 daretur,
635 2350 792 2433 Sequanis
810 2371 897 2434 vere,
919 2353 976 2436 qui
993 2353 1078 2416 intra
1095 2351 1177 2416 fines
1197 2371 1272 2415 suos

161 2479 188 2521 ra
202 2459 402 2522 Ariovistum
419 2459 626 2542 recepissent,
648 2478 786 2541 quorum
807 2458 923 2542 oppida
944 2460 1052 2522 omnia
1067 2459 1101 2521 in
1117 2463 1272 2542 potestate

203 2566 272 2628 eius
295 2572 413 2647 essent,
437 2585 547 2629 omnes
572 2566 730 2629 cruciatus
754 2570 861 2630 essent
882 2565 1070 2649 perferendi.

177 2695 189 2734 1
292 2671 354 2736 His
369 2673 465 2736 rebus
481 2673 616 2756 cognitis
629 2672 745 2736 Caesar
755 2672 919 2736 Gallorum
936 2674 1058 2737 animos
1074 2673 1180 2737 verbis
1197 2692 1272 2736 con·
1289 2689 1326 2745 33

200 2777 341 2842 firmavit
366 2779 592 2863 pollicitusque
625 2785 673 2844 est
704 2778 765 2842 sibi
800 2798 870 2843 eam
897 2797 965 2842 rem
994 2798 1089 2843 curae
1116 2779 1270 2858 futuram3

200 2905 350 2969 magnam
378 2905 411 2948 se
439 2885 555 2949 habere
583 2904 670 2969 spem
698 2892 729 2949 et
756 2885 913 2950 beneficio
942 2905 1000 2950 suo
1024 2891 1057 2949 et
1084 2888 1271 2950 auctoritate

201 2991 376 3057 adductum
399 2993 599 3057 Ariovistum
626 2991 724 3056 finem
751 2993 879 3056 iniuriis
906 2992 1075 3056 facturum.
1121 2993 1180 3056 hac
1204 3013 1272 3056 ora·

174 3100 287 3163 atione
311 3099 418 3162 habita
446 3100 618 3163 concilium
645 3099 773 3164 dimisit.
825 3105 857 3164 et
881 3100 1058 3164 secundum
1087 3117 1125 3164 ea
1151 3102 1300 3166 multaea

200 3225 251 3270 res
276 3225 350 3270 eum
373 3205 597 3288 hortabantur,
623 3226 721 3288 quare
745 3207 807 3271 sibi
830 3226 900 3270 eam
923 3225 991 3270 rem
1016 3207 1217 3292 cogitandam
1241 3214 1273 3271 et

201 3313 437 3396 suscipiendam
459 3320 597 3397 putaret,
619 3314 654 3377 in
669 3315 780 3397 primis
797 3314 882 3398 quod
899 3313 1053 3378 Haeduos
1067 3314 1180 3378 fratres
1197 3334 1272 3378 con·

201 3422 457 3503 sanguineosque
481 3439 574 3504 saepe
597 3440 732 3485 numero
756 3443 774 3486 a
797 3426 910 3484 senatu
926 3421 1098 3505 appellatos
1121 3423 1156 3484 in
1172 3422 1271 3486 servi-

200 3531 269 3590 tute
285 3533 380 3609 atque
395 3527 717 3618 minnevidehat
730 3526 962 3592 Germanorum
978 3529 1080 3592 teneri
1095 3547 1272 3612 eorumque

160 3652 187 3694 10
201 3633 326 3697 obsides
354 3653 423 3697 esse
452 3634 536 3718 apud
564 3635 765 3698 Ariovistum
794 3655 831 3698 ac
859 3633 1025 3717 Sequanos
1052 3635 1269 3718 intellegebat3

191 3725 288 3823 ¹quod
310 3741 345 3803 in
368 3746 456 3805 tanto
479 3742 614 3825 imperio
638 3742 748 3826 populi
762 3742 899 3806 Romani
919 3742 1140 3826 turpissimum
1163 3743 1272 3807 sibiet

200 3871 413 3922 ——r

290 3989 325 4042 59
343 3989 487 4044 reducatur
505 3989 552 4059 Mp

288 4095 335 4151 32.
355 4097 371 4149 3
390 4113 457 4150 unos
480 4114 561 4164 rccc.;
585 4097 673 4165 cd.1;
697 4111 766 4151 unus
783 4059 1188 4255 ΚΝ
1210 4114 1272 4166 per.

199 4199 322 4240 mansere
340 4184 426 4253 ABp
458 4187 465 4254 ll
499 4188 532 4240 13
551 4189 641 4239 tamen
660 4205 695 4257 φς
714 4187 819 4240 tantum
1149 4178 1156 4191 '

289 4292 335 4348 33.
356 4295 371 4347 5
391 4293 499 4346 dimisit.
520 4293 566 4362 [et]
587 4292 650 4346 HM
677 4295 685 4364 ll
718 4293 762 4348 9f
810 4323 812 4336 ·
996 4291 1138 4440 a

553 4484 1537 4790 ,μᾼ
