3214 4812
310 311 377 374 218
713 324 818 379 BELLI
837 323 980 380 CALLICI

311 489 384 551 aliis
407 506 475 552 esse
498 488 685 572 perfectum,
710 487 796 570 quod
820 506 885 551 non
908 488 1023 550 horum
1042 486 1198 570 elegantia
1219 505 1380 550 commen-

280 597 465 660 stariorum
489 599 664 678 superetur.
707 594 762 676 qui
786 600 861 658 sunt
884 594 975 677 editi,
999 612 1040 657 ne
1064 594 1197 658 scientia
1220 598 1378 658 tantarum

244 681 248 687 ’
311 722 420 766 rorum
450 701 655 785 scriptoribus
685 701 819 783 deesset,
852 702 996 783 adeoque
1029 700 1204 784 probantur
1236 702 1379 764 omnium
1395 723 1422 768 15

311 810 444 892 iudicio,
477 813 514 871 ut
540 813 718 892 praerepta,
748 828 813 872 non
840 807 984 891 praebita
1010 807 1144 872 facultas
1172 807 1380 891 scriptoribus

279 915 465 980 evideatur.
505 917 596 979 ouius
618 920 726 979 tamen
749 917 796 980 rei
814 915 917 978 maior
934 919 1043 980 nostra
1066 935 1163 998 quam
1182 914 1379 996 reliquorum

311 1028 360 1087 est
387 1023 567 1103 admiratio,
604 1023 701 1086 ceteri
728 1022 814 1086 enim
844 1041 939 1105 quam
972 1021 1053 1086 bene
1081 1026 1176 1103 atquo
1205 1021 1379 1103 emendate,

311 1149 370 1194 nos
393 1131 489 1193 etiarn
514 1149 609 1211 quam
637 1129 729 1192 facile
757 1133 852 1211 atque
880 1129 1024 1193 celeriter
1052 1147 1106 1192 eos
1130 1129 1297 1212 perfecerit
1319 1129 1379 1192 soi-

282 1257 391 1301 rmus.
431 1241 498 1300 erat
520 1240 626 1300 autem
649 1236 685 1298 in
705 1234 836 1300 Caesare
859 1256 934 1299 cum
951 1235 1084 1300 facultas
1107 1240 1203 1317 atque
1223 1235 1422 1319 elegantiam

312 1363 437 1407 summa
459 1342 633 1425 scribendi,
656 1348 725 1406 turn
740 1343 906 1406 verissima
929 1343 1062 1406 seientia
1083 1360 1214 1406 suorum
1230 1342 1380 1406 consilio-

279 1471 383 1514 srum
411 1449 682 1534 explicandorum.
728 1449 808 1512 mihi
840 1468 880 1512 ne
908 1449 989 1512 illud
1022 1449 1152 1531 quidem
1185 1449 1311 1531 accidit,
1343 1454 1380 1511 ut

313 1557 532 1620 Alexandrino
559 1561 654 1638 atque
677 1556 829 1620 Africano
853 1555 937 1619 bello
962 1557 1161 1636 interessem3
1192 1575 1272 1638 quae
1295 1555 1379 1620 bella

311 1683 508 1746 quamquam
536 1684 577 1728 ex
605 1669 694 1748 parte
723 1663 815 1727 nobis
844 1662 987 1727 Caesaris
1016 1681 1161 1727 sermone
1193 1667 1268 1725 sunt
1295 1666 1379 1744 nota,

310 1777 416 1835 tamen
442 1771 534 1834 aliter
557 1770 704 1835 audimus
728 1790 778 1853 ea,
802 1789 883 1853 quae
907 1789 1014 1833 rerum
1037 1770 1178 1834 novitate
1202 1774 1257 1832 aut
1280 1769 1380 1834 admi·
1393 1789 1420 1831 25

311 1879 435 1942 ratione
463 1897 523 1942 nos
551 1879 693 1961 capiunt,
726 1878 828 1960 aliter,
863 1895 944 1959 quae
972 1895 1028 1960 pro
1058 1877 1238 1940 testimonio
1268 1895 1379 1939 sumus

280 2003 297 2044 s
313 1984 437 2047 dicturi.
476 1984 532 2047 sed
548 2003 606 2067 ego
619 1985 788 2065 nimirum,
812 1984 890 2047 dum
911 2003 1021 2048 omnes
1037 1984 1252 2047 excusationis
1268 2002 1379 2046 causas

311 2089 441 2174 colligo,
469 2109 510 2154 ne
533 2110 607 2153 eum
631 2090 763 2155 Caesare
786 2091 943 2173 conferor,
971 2090 1032 2154 hoe
1057 2091 1126 2173 ipso
1150 2091 1269 2154 crimen
1294 2109 1379 2152 arro-

311 2199 436 2280 gantiae
453 2196 560 2279 subeo,
576 2198 662 2280 quod
677 2215 728 2260 me
744 2197 866 2260 iudicio
883 2198 1072 2278 cuiusquam
1089 2197 1271 2260 existimem
1286 2215 1378 2281 posse

311 2324 386 2368 cum
410 2303 542 2368 Caesare
566 2306 749 2387 comparari.
785 2305 865 2368 vale.
1392 2321 1420 2364 eo

271 2529 292 2580 v1
402 2517 496 2581 Omni
522 2516 624 2580 Gallia
647 2517 772 2581 devicta
796 2516 1008 2582 Caesareum
1032 2538 1051 2580 a
1073 2519 1237 2601 superiore
1261 2523 1405 2581 aestater

311 2624 436 2687 nullum
460 2624 600 2689 bellandi
623 2629 749 2708 tempus
772 2626 994 2689 intermisisset
1020 2625 1202 2707 militesque
1231 2625 1379 2689 hiberno-

310 2751 382 2794 rum
413 2732 518 2813 quiete
547 2731 676 2796 reficere
705 2751 723 2794 a
751 2733 846 2796 tantis
873 2730 1035 2794 laboribus
1062 2732 1172 2813 vellet,
1200 2731 1378 2816 complures

311 2838 423 2901 eodem
451 2844 593 2922 tempore
621 2840 764 2902 civitates
791 2857 945 2902 renovare
977 2838 1053 2902 belli
1086 2839 1218 2902 consilia
1250 2840 1378 2902 nuntia-

279 2946 427 3009 2bantur
460 2947 761 3027 coniurationesque
793 2946 904 3009 facere.
957 2947 1051 3009 cuius
1082 2947 1129 3009 rei
1162 2947 1229 3010 veri
1263 2946 1404 3009 similist

310 3072 407 3116 causa
435 3052 647 3135 adserebatur,
681 3052 767 3133 quod
796 3052 895 3115 Callis
924 3051 1072 3115 omnibus
1105 3054 1267 3136 cognitum
1296 3057 1378 3116 osset

310 3177 415 3239 neque
451 3159 515 3223 ulla
546 3158 752 3222 multitudine
786 3159 821 3221 111
856 3178 956 3221 unum
991 3159 1098 3222 locum
1131 3165 1239 3223 coacta
1273 3160 1377 3223 resisti

309 3283 402 3348 posse
420 3263 461 3349 [a]
477 3264 641 3348 Romanis,
666 3284 736 3348 neo,
761 3266 788 3328 si
812 3264 935 3330 diversa
957 3265 1041 3329 bella
1061 3267 1240 3350 complures
1265 3265 1377 3329 eodem

310 3378 451 3455 tempore
480 3372 663 3435 intulissent
690 3373 844 3455 civitates
873 3373 949 3435 satis
977 3373 1090 3435 auxilii
1118 3378 1174 3436 aut
1200 3373 1294 3457 spatii
1322 3377 1377 3436 aut

309 3481 473 3563 copiarum
497 3479 681 3542 habiturum
705 3480 882 3543 exercitum
905 3480 1015 3562 populi
1038 3480 1174 3543 Romani
1203 3479 1241 3541 ad
1270 3479 1377 3542 omnia
1390 3494 1417 3536 ro

277 3587 542 3669 spersequenda3
575 3605 641 3648 non
670 3604 739 3650 esse
767 3590 871 3649 autem
906 3587 1002 3649 alicui
1030 3587 1151 3650 civitati
1183 3591 1299 3649 sortem
1327 3586 1376 3648 in-

310 3693 468 3756 commodi
495 3693 720 3775 recusandam,
753 3694 780 3756 si
808 3693 863 3756 tali
890 3713 981 3756 mora
1011 3694 1154 3775 reliquae
1185 3697 1314 3777 possent
1342 3711 1376 3756 se

400 3887 432 3939 15
451 3887 552 3955 rerum]
571 3889 704 3955 gestarum
724 3885 816 3953 addc
847 3888 856 3956 11
888 3886 957 3940 desit
970 3905 987 3938 a
1019 3887 1028 3955 11
1061 3887 1094 3941 19
1106 3887 1247 3956 perfecerit
1258 3887 1298 3955 X;
1318 3903 1377 3955 per-

306 3973 445 4042 scripserit
464 3975 537 4028 Saet.
551 3975 616 4028 156
651 3978 660 4042 11
695 3975 730 4029 22
749 3975 844 4030 accidit
862 3975 968 4045 quidem
987 3994 1019 4043 π;
1044 3976 1150 4045 quidem
1172 3994 1260 4046 orrap
1297 3976 1305 4045 11
1343 3976 1376 4030 28

306 4061 396 4130 ipsum
417 4083 434 4115 α
466 4065 475 4133 11
507 4065 542 4119 30
560 4064 627 4119 Uale
647 4084 677 4134 o3
696 4071 785 4133 11111

398 4155 425 4207 1.
445 4153 462 4206 8
482 4169 497 4207 a
515 4154 565 4207 del.
585 4155 624 4208 ed.
643 4157 670 4223 13
690 4172 705 4209 a
725 4155 781 4225 (se)
806 4153 873 4207 Oad.
907 4155 915 4218 11
948 4154 982 4209 10
1001 4154 1147 4208 exercitum
1166 4154 1256 4223 populi
1276 4153 1377 4209 romani

306 4259 339 4309 ⁴¹3
359 4241 487 4310 populum
505 4250 673 4311 romanumfl
704 4246 713 4314 11
747 4246 787 4297 11.
803 4244 836 4297 12
849 4244 1008 4297 incommodi
1021 4243 1120 4312 AM²f³3
1140 4243 1345 4312 incommodtale
1358 4263 1376 4295 α
