3126 4968
287 321 329 383 28
688 333 793 388 BELLI
812 333 954 390 GALLIOE

287 515 339 560 sae
363 503 438 561 sunt
461 498 605 560 omnium
627 501 750 560 mentes
773 516 961 580 summaque
985 497 1131 561 alacritas
1152 503 1183 561 et
1198 496 1355 580 cupiditas

259 603 362 668 abelli
390 604 521 687 gerendi
543 604 642 667 inlata
665 611 725 685 est,
757 603 971 687 princepsque
998 603 1041 667 X.
1065 604 1147 686 legio
1174 621 1232 687 per
1253 602 1355 667 tribu-

287 730 345 774 nos
368 711 507 774 militum
530 713 560 774 ei
583 711 699 794 gratim
723 711 801 794 egit,
829 710 916 794 quod
940 711 979 773 de
1007 729 1041 774 se
1063 712 1219 794 optimum
1243 710 1356 773 iudici-

287 837 343 882 um
360 817 500 899 fecisset,
520 835 616 900 seque
637 836 707 882 esse
728 817 768 880 ad
788 815 909 881 bellum
930 817 1105 900 gerendum
1125 818 1383 900 paratissimama

259 947 273 988 e
287 923 494 988 confirmavit
529 923 644 988 deiude
661 924 803 1006 reliquae
819 923 962 1007 legiones
975 942 1048 987 eum
1064 923 1201 986 tribunis
1216 923 1356 987 militum

286 1037 317 1094 et
341 1032 517 1114 primorum
543 1031 693 1094 ordinum
714 1030 956 1094 centurionibus
981 1035 1127 1114 egerunt,
1153 1030 1201 1094 uti
1228 1029 1356 1094 Caesari

287 1139 532 1202 satisfacerent:
557 1158 591 1202 se
610 1157 715 1220 neque
731 1156 886 1218 umquam
902 1136 1062 1201 dubitasse
1085 1156 1189 1220 neque
1213 1138 1356 1200 timuisse

286 1263 391 1327 neque
420 1245 459 1308 de
487 1264 612 1308 summa
644 1244 722 1308 belli
754 1263 849 1306 suum
871 1244 1041 1324 iudicium,
1074 1243 1130 1308 sed
1158 1244 1356 1326 imperatoris

258 1369 356 1414 resse
383 1352 624 1416 existimavisse.
654 1370 765 1414 eorum
794 1351 1004 1414 satisfactione
1032 1357 1161 1434 accepta
1188 1355 1220 1413 et
1242 1351 1399 1416 itinerare

286 1459 445 1541 exquisito
461 1479 519 1541 per
530 1456 738 1539 Diviciacum,
755 1459 839 1540 quod
855 1478 897 1521 ex
910 1458 1010 1522 Gallis
1026 1459 1055 1520 ei
1070 1459 1244 1521 maximam
1260 1455 1357 1520 fidem

285 1565 434 1648 habebat,
462 1571 499 1629 ut
525 1566 653 1628 milium
682 1565 818 1648 amplius
846 1565 1078 1648 quinquaginta
1110 1565 1246 1628 circuitu
1277 1564 1357 1627 locis

286 1673 403 1756 apertis
431 1673 609 1736 exercitum
638 1671 780 1754 duceret,
809 1671 849 1735 de
873 1677 986 1754 quana
1008 1672 1131 1755 vigilia,
1159 1676 1195 1734 ut
1225 1672 1356 1753 dixerat,

259 1778 445 1862 eprofeetus
473 1784 528 1842 est.
575 1778 711 1861 septimo
740 1779 805 1859 die,
838 1797 913 1841 cum
940 1779 1001 1841 iter
1028 1797 1093 1841 non
1125 1779 1357 1859 intemntteret,

288 1885 327 1948 ab
361 1884 616 1968 exploratoribus
649 1885 766 1948 certior
800 1885 902 1948 faetus
935 1891 983 1948 est
1013 1885 1168 1948 Ariovisti
1200 1886 1307 1968 copias
1339 1905 1399 1948 are

286 1992 403 2054 nostris
426 1992 515 2054 milia
537 2011 690 2074 passuum
713 1991 780 2055 IIII
804 1997 835 2056 et
856 1992 925 2056 XX
948 1991 1066 2055 abesse.

232 2110 268 2166 42
377 2098 510 2182 Cognito
535 2097 680 2162 Caesaris
703 2098 843 2162 adventu
865 2099 1047 2162 Ariovistus
1072 2099 1193 2182 legatos
1220 2097 1261 2161 ad
1284 2117 1383 2161 eumr

286 2205 397 2268 mittit:
423 2205 509 2288 quod
532 2211 626 2268 antea
647 2207 685 2270 de
707 2206 877 2288 conloquio
893 2206 1094 2289 postulasset,
1118 2206 1151 2269 id
1166 2226 1224 2290 per
1239 2223 1272 2269 se
1288 2204 1357 2268 fieri

286 2312 391 2394 licere,
415 2313 567 2395 quoniam
589 2315 720 2396 propius
744 2315 927 2378 secessisset
950 2331 1049 2395 seque
1071 2313 1105 2376 id
1129 2315 1197 2378 sine
1215 2312 1355 2396 periculo

195 2470 197 2475 .
260 2418 389 2482 efacere
412 2438 504 2502 posse
528 2420 732 2483 existimaret.
779 2439 845 2483 non
867 2421 990 2503 respuit
1006 2419 1227 2483 condicionem
1243 2417 1357 2482 Caesar

285 2527 414 2608 iamque
447 2545 520 2588 eum
552 2526 592 2590 ad
624 2527 792 2591 sanitatem
815 2529 932 2590 reverti
958 2526 1183 2609 arbitrabatur,
1216 2545 1291 2589 oum
1313 2525 1384 2608 id,a

259 2632 374 2716 equod
390 2638 482 2696 antea
496 2634 616 2716 petenti
637 2633 831 2717 denegasset,
856 2633 940 2696 ultro
961 2634 1172 2717 pelliceretur,
1195 2652 1357 2716 magnam-

287 2758 350 2822 que
374 2740 409 2802 in
433 2759 521 2823 spem
544 2740 693 2803 veniebat
719 2759 776 2823 pro
805 2741 872 2804 suis
899 2742 996 2804 tantis
1024 2741 1198 2823 populique
1220 2739 1356 2803 Romani

285 2847 321 2908 in
345 2865 418 2910 eum
442 2845 604 2910 beneficiis
633 2848 769 2930 cognitis
797 2849 864 2910 suis
891 2847 1060 2930 postulatis
1082 2846 1162 2928 fore,
1189 2847 1237 2909 uti
1261 2847 1357 2929 perti·

286 2955 378 3016 nacia
402 2953 574 3017 desisteret.
599 2953 667 3017 dies
691 2953 862 3035 conloquio
879 2953 982 3017 dietus
1004 2959 1052 3017 est
1068 2973 1109 3016 ex
1132 2972 1169 3017 eo
1194 2953 1246 3016 die
1263 2953 1358 3035 quin-

259 3064 346 3122 atus.
392 3060 523 3122 interim
555 3078 647 3143 saepe
680 3080 754 3123 oum
786 3061 881 3143 legati
911 3059 992 3122 ultro
1021 3061 1165 3142 citroque
1193 3060 1275 3122 inter
1302 3078 1357 3122 eos
1371 3080 1398 3122 ro

287 3166 503 3247 mitterentur,
536 3167 719 3229 Ariovistus
746 3166 930 3250 postulavit,
962 3185 1003 3229 ne
1032 3187 1128 3250 quem
1155 3166 1294 3250 peditem
1317 3164 1356 3228 ad

287 3273 496 3355 conloquium
519 3273 635 3337 Caesar
658 3272 843 3336 adduceret:
873 3273 977 3336 vereri
1004 3293 1049 3355 se,
1077 3293 1118 3336 ne
1142 3292 1199 3356 per
1221 3272 1356 3335 insidias

287 3380 325 3443 ab
351 3399 388 3444 eo
405 3381 702 3458 circumveniretur3
727 3384 862 3461 uterque
879 3400 952 3442 oum
969 3381 1113 3462 equitatu
1130 3380 1268 3442 veniret:
1294 3379 1357 3441 alia

259 3487 409 3550 eratione
425 3505 493 3550 sese
509 3507 572 3550 non
591 3505 660 3551 esse
672 3491 852 3550 venturum.
889 3483 1009 3569 Caesar,
1027 3486 1112 3568 quod
1128 3505 1233 3568 neque
1250 3485 1357 3548 conlo-

376 3683 421 3736 41.
442 3681 457 3734 3
477 3680 558 3736 inlata
575 3680 701 3748 JLutc9e3
720 3680 810 3734 inuata
827 3679 857 3732 X
895 3680 903 3748 11
946 3681 962 3734 6
982 3677 1043 3734 cum
1063 3679 1175 3733 tribunis
1195 3697 1225 3746 a;
1244 3696 1292 3748 per
1309 3679 1356 3733 tri·

285 3769 371 3823 bunos
390 3768 453 3836 B²ss
493 3773 501 3839 11
542 3769 774 3823 loenturionibus
794 3787 823 3835 ας
852 3770 1020 3822 centuriones
1043 3768 1105 3835 B²a
1146 3769 1154 3836 11
1195 3768 1235 3821 uti
1259 3787 1289 3835 a3
1317 3767 1357 3820 uti

287 3874 334 3926 per
353 3857 478 3925 1113Βῖ13
508 3859 516 3925 11
548 3858 671 3926 Suoque
691 3874 818 3926 umquam
836 3857 910 3925 B²p3
929 3875 979 3912 nee
998 3874 1124 3926 umquam
1145 3877 1162 3909 α
1199 3859 1207 3925 11
1245 3858 1279 3911 10
1297 3873 1356 3911 esse

287 3963 339 4000 om.
354 3966 375 4016 χ
416 3947 425 4013 11
467 3949 498 3999 11
520 3945 602 4000 Gallis
626 3946 729 4015 Oiacc.;
748 3947 807 4002 aliis
826 3947 856 4000 X
886 3949 894 4016 11
928 3947 960 4002 16
980 3947 1054 4000 milia
1072 3945 1143 4013 HM;
1162 3945 1271 4000 milibus
1289 3946 1320 3999 X

375 4036 420 4090 42.
442 4037 455 4086 1
477 4035 591 4088 caesaris
610 4036 728 4089 aduentu
748 4037 788 4102 al,
808 4036 927 4089 aduentu
946 4035 1090 4102 caesarisp
1122 4037 1130 4104 11
1162 4035 1358 4089 texistimaren

286 4124 361 4192 B²p3
374 4123 525 4177 existimare
537 4143 554 4174 a
578 4126 586 4193 11
609 4124 1024 4192 8cognitissuispostulatisdcl.
1035 4123 1197 4177 *HJMeder
1219 4129 1228 4192 11
1253 4125 1286 4179 10
1296 4140 1357 4177 cum

285 4213 367 4283 legati
384 4212 454 4266 ultro
475 4212 593 4280 citroque
611 4220 639 4280 {33
668 4212 738 4266 ultro
762 4213 880 4281 citroque
904 4230 966 4266 oum
984 4213 1064 4282 legati
1085 4233 1102 4264 a
1143 4216 1151 4282 11
1194 4214 1228 4266 14
1247 4228 1306 4267 sese
1326 4230 1356 4279 a,

287 4319 316 4356 se
332 4321 360 4373 <23
379 4319 430 4355 ona
446 4321 468 4354 π
