3218 4812
561 381 668 435 LIBER
686 382 746 435 VII.
767 381 842 436 onP.
862 383 984 438 30—33.
1241 369 1304 432 179

238 549 321 626 sent,
345 543 408 607 duo
431 546 652 628 magistratum
669 550 783 628 gerant
806 550 837 608 et
852 564 886 609 se
903 551 1165 628 uterqueeorum
1179 546 1304 630 legibus

238 655 379 714 creatum
403 652 493 714 dicat.
540 651 654 714 horum
678 670 746 715 esse
771 652 905 716 alterum
928 651 1225 736 Convictolitavem,
1248 653 1332 723 llo-4

237 763 360 822 rentem
383 763 415 822 et
436 759 606 822 inlustrem
629 758 877 840 adulescentem,
906 759 1041 844 alterum
1066 759 1195 842 Cotum,
1224 762 1305 824 anti-

238 866 392 947 quissima
423 865 543 928 familia
575 870 687 928 natum
715 869 811 948 atque
839 866 945 948 ipsum
972 866 1133 929 hominem
1161 885 1304 931 summae

196 992 223 1035 15
236 974 395 1054 potentiae
424 977 455 1036 et
482 991 616 1056 magnae
644 973 854 1056 cognationis,
882 973 974 1036 cuius
1000 972 1098 1036 frater
1119 973 1304 1037 Valetiacus

238 1080 383 1161 proximo
417 1099 500 1142 anno
533 1080 672 1145 eundem
704 1081 923 1162 magistratum
955 1081 1095 1162 gesserit.
1142 1080 1331 1149 civitatemf,

238 1205 306 1249 esse
323 1205 451 1250 omnem
465 1188 501 1249 in
517 1188 625 1267 armis,
650 1187 790 1250 divisum
806 1191 966 1267 senatum,
984 1187 1126 1249 divisum
1141 1187 1304 1270 populum,

237 1311 310 1356 suas
338 1295 493 1374 cuiusque
522 1312 632 1356 eorum
660 1293 832 1357 clientelas.
884 1293 970 1376 quod
998 1295 1025 1355 si
1053 1293 1174 1356 diutius
1202 1293 1305 1357 alatur

237 1402 465 1482 controversia,
487 1400 566 1478 fore,
593 1401 641 1463 uti
665 1420 738 1483 pars
762 1419 835 1462 oum
863 1405 951 1484 parte
980 1400 1118 1464 civitatis
1146 1399 1303 1483 confligat

196 1523 223 1566 20
236 1505 271 1568 id
293 1525 333 1570 ne
357 1507 491 1589 accidat,
514 1509 653 1590 positum
676 1508 711 1569 in
727 1507 795 1570 eius
812 1507 978 1590 diligentia
999 1511 1094 1589 atque
1110 1501 1303 1570 anctoritate.

210 1609 365 1694 1Caesar,
390 1615 449 1677 etsi
472 1634 491 1675 a
513 1614 596 1676 bello
621 1619 716 1696 atque
740 1615 830 1677 hoste
855 1613 1016 1677 discedere
1040 1613 1304 1677 detrimentosum
1321 1631 1358 1687 33

237 1738 306 1783 esse
329 1720 546 1804 existimabat,
570 1726 677 1784 tamen
701 1741 766 1783 non
787 1722 951 1804 ignorans,
976 1725 1095 1801 quanta
1118 1739 1160 1783 cx
1183 1721 1304 1784 dissen-

238 1827 382 1890 sionibus
410 1828 613 1890 incommoda
640 1828 716 1891 oriri
745 1832 965 1909 consuessent,
997 1847 1038 1891 ne
1066 1832 1154 1890 lanta
1181 1833 1212 1891 et
1239 1832 1304 1890 tam

238 1934 410 1997 coniuncta
432 1934 550 2017 populo
566 1935 710 1997 Romano
727 1935 850 2016 civitas,
876 1954 971 2016 quam
987 1935 1053 2018 ipse
1069 1953 1194 2017 semper
1209 1934 1305 1998 aluis-

210 2045 286 2102 eset
301 2040 513 2124 omnibusque
529 2041 625 2105 rebus
642 2046 796 2124 ornasset,
821 2041 860 2103 ad
877 2042 943 2103 vim
958 2047 1052 2124 atque
1069 2061 1159 2104 arma
1174 2041 1304 2104 descen-

238 2146 327 2210 deret
349 2151 444 2229 atque
469 2166 506 2211 ea
528 2167 614 2230 pars,
643 2167 723 2230 quae
746 2149 854 2211 minus
882 2147 941 2210 sibi
970 2147 1155 2229 confideret,
1184 2148 1305 2210 auxilia

237 2273 255 2314 a
269 2253 533 2337 Vercingetorige
552 2259 736 2336 arcesseret,
760 2255 835 2317 huic
851 2257 898 2317 rei
913 2254 1178 2337 praevertendum
1195 2255 1305 2318 existi·

186 2369 188 2374 '
236 2361 348 2443 mavit,
372 2365 405 2424 et
428 2361 513 2442 quod
531 2361 656 2444 legibus
672 2359 882 2424 Haeduorum
906 2362 958 2441 iis,
983 2363 1039 2443 qui
1054 2381 1216 2424 summum
1238 2381 1332 2426 mar-a

236 2466 405 2548 gistratum
429 2467 623 2550 obtinerent,
647 2469 802 2532 excedere
827 2487 868 2531 ex
886 2467 1005 2530 finibus
1028 2487 1095 2531 non
1118 2468 1240 2548 liceret,
1263 2487 1304 2531 ne

198 2588 223 2629 10
239 2573 316 2654 quid
340 2573 379 2636 de
402 2575 471 2638 iure
496 2579 552 2636 aut
575 2575 613 2638 de
637 2574 761 2657 legibus
786 2594 897 2638 eorum
921 2575 1114 2638 deminuisse
1133 2574 1304 2657 videretur,

237 2681 361 2758 ipsein
385 2680 538 2744 Haeduos
561 2680 719 2764 proficisci
747 2681 857 2744 statuit
880 2666 1090 2763 senatumque
1119 2700 1246 2744 omnem
1274 2686 1305 2744 et
1394 2681 1396 2686 ’

239 2806 318 2868 quos
346 2788 430 2850 inter
458 2789 673 2852 controversia
705 2794 788 2851 esset
820 2787 860 2850 ad
893 2807 926 2850 se
955 2785 1118 2850 Deceliam
1151 2788 1303 2850 evocavit.

237 2911 311 2955 cum
347 2913 445 2976 prope
478 2896 581 2957 omnis
616 2895 728 2957 civitas
765 2913 802 2957 eo
837 2895 1039 2957 convenisset
1074 2891 1331 2976 docereturquea

237 3001 348 3081 paucis
367 3001 449 3063 clam
464 3001 647 3063 convocatis
671 3001 733 3063 alio
749 3001 831 3083 loco,
856 3000 917 3063 alio
934 3005 1086 3082 tempore,
1103 3005 1197 3082 atque
1214 3020 1304 3083 opor·

197 3121 223 3161 15
237 3107 344 3188 tuerit,
360 3106 489 3170 fratrem
506 3107 633 3171 alratre
649 3107 877 3188 renuntiatum,
901 3126 976 3170 cum
990 3107 1077 3188 leges
1094 3107 1157 3170 duo
1182 3125 1223 3170 ex
1238 3127 1305 3170 una

237 3213 358 3275 familia
380 3215 454 3276 vivo
482 3219 619 3296 utroque
643 3232 708 3275 non
731 3214 836 3276 solum
859 3215 1061 3297 magistratus
1090 3214 1191 3278 creari
1218 3219 1304 3278 veta-

236 3325 319 3401 rent,
344 3320 399 3384 sed
423 3321 520 3384 etiam
543 3321 579 3382 in
602 3325 714 3384 senatu
738 3339 806 3384 esse
829 3320 1043 3404 prohiberent,
1068 3320 1182 3384 Cotum
1205 3321 1305 3403 impe-

236 3427 320 3489 rium
344 3427 502 3510 deponere
524 3429 638 3510 coegit,
663 3425 958 3509 Convictolitavem,
983 3428 1038 3509 qui
1054 3446 1110 3510 per
1126 3427 1332 3490 sacerdotes4

236 3551 324 3596 more
348 3535 485 3596 civitatis
508 3535 698 3597 intermissis
720 3533 958 3616 magistratibus
982 3538 1063 3596 esset
1086 3538 1224 3614 creatus,
1249 3552 1304 3616 po-

196 3652 222 3694 20
237 3644 383 3704 testatem
407 3640 550 3704 obtinere
573 3640 675 3702 iussit.

327 3851 360 3904 12
379 3851 506 3920 creatum]
526 3866 585 3904 esse
604 3851 666 3904 add.
681 3870 698 3902 α
730 3852 739 3916 ll
772 3853 804 3904 15
824 3849 974 3903 ualeciacus
990 3848 1078 3918 (AN,
1097 3849 1207 3904 altiacus
1225 3851 1276 3920 lr(l)
1296 3850 1305 3923 ll

237 3941 269 3992 17
290 3956 396 3993 omnem
415 3955 474 3994 esse
494 3939 534 3994 So
566 3941 574 4011 ΙΙ
613 3939 646 3993 18
666 3955 727 3994 suas
745 3939 783 4006 X3
808 3939 906 3993 divisas
924 3939 1036 4008 JMeyer
1072 3941 1080 4009 ll
1117 3939 1244 4008 cuiusque
1263 3940 1304 4008 X,

236 4029 374 4098 utriusque
392 4028 466 4096 RMg
995 4042 1000 4050 ¹

324 4119 371 4174 33.
392 4119 405 4170 1
426 4134 442 4170 a
460 4124 549 4183 carad
580 4118 589 4184 ll
621 4119 645 4171 5.
665 4118 681 4171 6
701 4117 847 4172 discederet
866 4137 883 4169 a
916 4120 924 4183 ll
961 4117 1047 4172 6sibi
1065 4135 1117 4171 om.
1139 4137 1156 4169 α
1192 4119 1201 4184 ΙΙ
1236 4117 1305 4171 siis

236 4208 275 4262 ed.
294 4209 322 4274 1;
341 4207 384 4260 his
402 4206 433 4260 X
462 4207 471 4275 ll
504 4206 538 4260 10
557 4207 589 4258 de
608 4205 710 4275 legibus
729 4209 775 4260 aut
793 4207 848 4260 iure
868 4213 988 4274 eorumfl
1019 4208 1028 4276 ll
1061 4207 1094 4259 12
1107 4208 1140 4261 ad
1154 4222 1182 4260 se
1195 4224 1277 4276 onap
1296 4205 1304 4277 ll

237 4296 366 4350 decetiam
380 4302 429 4364 χβ;
449 4295 570 4364 etiamp
602 4295 611 4362 ll
645 4296 677 4348 15
696 4311 712 4348 a
725 4302 775 4364 χβ;
794 4297 862 4365 etp>

1091 4401 1144 4454 12*
