3214 4812
524 345 631 400 umus
649 346 723 400 vm.
743 345 819 400 cnr.
837 345 937 399 9-12.
1203 312 1266 400 225

200 510 262 574 loci
294 515 407 573 natura
438 510 571 572 munitis
605 529 639 573 se
675 513 782 574 tenere
816 527 921 590 neque
955 510 1131 592 oppugnari
1166 515 1268 572 castra

203 636 313 684 eorum
340 619 409 680 sine
434 615 637 679 dimicatione
664 616 843 699 perniciosa
870 635 929 678 nec
952 615 1059 679 locum
1083 617 1270 681 munitioni-

174 725 262 790 obus
285 724 391 788 claudi
414 723 478 786 nisi
504 723 663 787 amaiore
687 723 830 786 exercitu
853 741 960 805 posse,
987 723 1107 786 litteras
1131 725 1171 787 ad
1194 725 1268 787 Tre-

203 830 335 895 bonium
358 831 469 912 mittit,
493 835 530 892 ut
553 849 649 912 quam
672 830 837 893 celerrime
860 834 967 912 posset
989 828 1146 912 legionem
1169 829 1270 913 XIII,

205 957 285 1022 quae
305 957 378 1000 cum
396 937 428 1000 T.
443 935 553 1000 Sextio
575 937 677 1018 legato
699 936 734 998 in
753 934 952 1019 Biturigibus
971 936 1144 1017 hiemabat,
1168 957 1271 1002 arces-

204 1050 286 1108 seret
313 1050 409 1126 atque
436 1045 481 1107 ita
509 1064 582 1107 cum
610 1042 713 1106 tribus
740 1040 921 1126 legionibus
949 1045 1072 1126 magnis
1100 1044 1271 1109 itineribus

204 1153 243 1214 ad
267 1171 300 1216 se
319 1153 456 1230 veniret3
480 1152 548 1234 ipse
571 1150 694 1231 equites
717 1151 752 1212 in
771 1151 874 1214 vicem
897 1149 1072 1236 Remorum
1095 1171 1132 1214 ac
1154 1150 1299 1236 Lingos

164 1279 191 1322 ro
205 1278 284 1321 num
298 1259 559 1340 reliquarumque
575 1257 753 1339 civitatum,
777 1276 914 1339 quorum
931 1277 1084 1340 magnum
1099 1277 1272 1322 numerum

205 1369 410 1446 evocaverat,
439 1363 595 1446 praesidio
627 1362 884 1446 pabulationibus
917 1365 1026 1446 mittit,
1061 1366 1118 1445 qui
1150 1365 1272 1430 subitas

179 1473 403 1536 rincursiones
427 1472 566 1534 hostiurn
590 1471 788 1534 sustinerent.
829 1468 921 1545 Quod
945 1491 1020 1534 curn
1042 1473 1160 1535 cotidie
1182 1472 1273 1536 fieret
1292 1486 1327 1542 12

206 1598 242 1644 ac
265 1580 329 1641 iarn
353 1577 584 1642 consuetudine
600 1577 766 1660 diligentia
788 1579 999 1661 minueretur,
1025 1579 1111 1660 quod
1134 1579 1274 1663 plerum·

197 1705 269 1769 ¹que
292 1686 408 1750 accidit
432 1686 654 1765 diuturnitate,
679 1684 841 1748 Bellovaci
865 1684 985 1748 delecta
1008 1705 1106 1748 manu
1128 1687 1274 1770 peditum

207 1794 342 1876 cognitis
366 1792 557 1856 stationibus
573 1791 741 1854 cotidianis
757 1793 903 1873 equitum
923 1797 1104 1855 nostrorum
1121 1794 1274 1856 silvestri-

179 1899 267 1962 sbus
290 1899 368 1963 locis
390 1899 523 1962 insidias
540 1898 713 1981 disponunt
736 1898 911 1981 eodemque
934 1901 1057 1981 equites
1073 1905 1198 1982 postero
1222 1902 1301 1964 diea

207 2008 350 2089 mittunt,
384 2008 439 2088 qui
466 2009 606 2089 primum
638 2006 789 2069 elicerent
819 2011 957 2087 nostroe,
990 2007 1106 2070 deinde
1138 2009 1275 2071 circum·

208 2118 318 2177 ventos
338 2113 593 2196 adgrederentur.
631 2114 725 2176 cuius
743 2109 821 2176 mali
840 2132 908 2176 sors
926 2113 1040 2177 incidit
1058 2113 1181 2195 Remis,
1205 2116 1303 2198 qui-e

208 2221 267 2284 bus
295 2221 349 2283 ille
378 2219 446 2284 dies
477 2219 633 2302 iungendi
654 2219 807 2282 'muneris
840 2219 1019 2283 obvenerat.
1065 2241 1206 2303 namque
1233 2223 1275 2304 hi,

209 2347 282 2390 cum
304 2331 434 2410 repente
456 2327 596 2389 hostium
619 2327 743 2408 equites
766 2326 1065 2390 animadvertissent
1087 2347 1123 2390 ac
1141 2347 1276 2392 numero

170 2453 196 2496 ιο
211 2436 388 2518 superiores
411 2435 606 2517 paucitatem
629 2434 904 2516 contempsissent,
929 2435 1077 2517 cupidius
1101 2436 1237 2499 insecuti
1258 2458 1277 2500 a

210 2541 372 2624 peditibus
395 2541 539 2624 undique
562 2545 638 2604 sunt
661 2539 855 2604 circumdati.
903 2560 965 2623 quo
993 2541 1076 2604 facto
1102 2539 1305 2624 perturbatis.

210 2649 357 2733 celerius,
391 2669 486 2731 quam
515 2648 711 2712 consuetudo
739 2649 800 2710 tert
827 2651 981 2730 equestris
1008 2650 1134 2732 proelii,
1167 2670 1201 2713 se
1228 2669 1277 2712 re-

211 2760 364 2838 ceperunt
383 2757 497 2818 amisso
511 2755 665 2834 Vertisco,
684 2755 828 2837 principe
847 2756 991 2835 civitatis,
1011 2757 1169 2838 praetacto
1187 2757 1278 2839 equi-

212 2867 294 2942 tum,
320 2863 376 2944 qui
399 2882 472 2925 cum
488 2863 546 2924 vix
565 2881 647 2944 equo
666 2866 794 2945 propter
812 2865 945 2924 aetatem
965 2866 1070 2944 posset
1090 2864 1136 2926 uti
1172 2868 1306 2926 tamena

172 2986 198 3028 ra
212 2969 441 3033 consuetudine
465 2968 629 3032 Gallorum
656 2986 762 3050 neque
785 2969 896 3030 aetatis
919 2971 1123 3032 excusatione
1152 2970 1186 3030 in
1209 2989 1279 3032 sus-

213 3076 356 3158 cipienda
390 3076 585 3158 praefectura
619 3095 696 3138 usus
728 3081 796 3138 erat
827 3094 931 3156 neque
968 3075 1113 3140 dimicari
1144 3077 1213 3140 sinc
1246 3095 1279 3140 se

212 3183 363 3245 voluerat.
410 3181 565 3245 inflantur
597 3187 692 3264 atque
723 3183 899 3245 incitantur
929 3183 1068 3246 hostium
1101 3184 1199 3247 animi
1232 3200 1307 3246 see

302 3375 388 3430 31οοί
406 3394 441 3443 n,
464 3374 530 3429 locis
550 3395 584 3446 op
620 3376 629 3444 11
665 3392 816 3444 oppugnare
836 3395 854 3428 a
889 3378 898 3446 11
934 3376 1068 3445 5-1a,7
1087 3377 1173 3430 acrba
1196 3376 1282 3431 nisia

213 3465 311 3519 maiore
338 3482 426 3534 usquc
453 3465 490 3518 ad
509 3465 596 3518 acrba
610 3465 818 3518 circumuentos
846 3467 1055 3534 adgrederentur
1078 3483 1130 3518 om.
1156 3483 1186 3516 α’
1215 3466 1223 3533 11
1264 3467 1281 3518 5

214 3554 307 3608 maiori
326 3573 348 3606 π
384 3554 393 3622 11
428 3555 518 3621 posset
536 3571 558 3604 π
594 3558 603 3620 11
639 3554 663 3607 9.
685 3553 718 3608 10
736 3553 891 3622 linguonum
910 3571 928 3607 a
964 3555 972 3623 11
1015 3554 1049 3608 10
1067 3553 1249 3624 ciuitatiump
1274 3552 1282 3625 11

214 3659 327 3712 quorum
345 3643 384 3696 ed.
404 3644 431 3709 1;
451 3658 563 3711 quarum
581 3649 598 3709 β

304 3733 349 3787 12.
369 3731 385 3784 2
404 3731 569 3785 minneretur
587 3729 627 3800 pf3
646 3731 811 3784 inueniretur
829 3749 847 3784 a
878 3733 887 3796 11
920 3732 935 3784 3
954 3730 1057 3785 delecta
1075 3732 1113 3785 cd.
1133 3733 1158 3798 1,
1180 3731 1284 3786 deiecta

214 3829 232 3889 β
262 3823 271 3890 11
302 3821 459 3890 dcognitis]
479 3820 585 3874 omissis
604 3820 705 3874 11111111
731 3821 739 3888 11
765 3820 944 3889 odisponunt
957 3820 1066 3874 insidias
1080 3839 1102 3872 π
1133 3821 1142 3888 11
1174 3821 1283 3874 eodem·

214 3927 266 3980 que
285 3929 313 3981 93
333 3911 477 3978 cademque
497 3929 519 3961 π
550 3910 559 3978 11
590 3911 607 3964 6
627 3911 729 3963 nostros
747 3910 870 3974 erarem
889 3913 993 3964 nostros
1006 3910 1116 3964 insidiae
1128 3917 1157 3977 β;
1179 3915 1285 3966 nostros

215 3999 244 4052 in
261 3999 368 4053 insidias
387 3999 450 4052 Αἶά.
483 4000 491 4068 11
524 3999 618 4069 deinq
654 4003 663 4066 11
699 3999 839 4065 tmalafi
874 4003 883 4067 11
918 3999 1011 4053 8dies
1030 3999 1121 4070 ap²a²3
1145 3999 1221 4053 locus
1240 4007 1258 4067 β
1276 3999 1284 4072 11

214 4089 241 4142 8.
261 4090 277 4143 9
295 4088 314 4140 11
332 4104 394 4142 cum
413 4108 440 4158 (²3
460 4104 521 4141 cum
539 4087 569 4140 bi
586 4107 609 4139 π
640 4089 648 4157 11
681 4087 834 4141 9111111111
853 4089 1066 4156 aduertissentss
1097 4090 1106 4154 11
1145 4089 1178 4145 10
1195 4106 1211 4142 a
1230 4107 1282 4143 om.

216 4197 235 4229 ca
260 4180 269 4247 11
293 4178 327 4230 12
346 4193 426 4247 quam
445 4194 466 4231 c.
487 4177 504 4230 1.
524 4193 583 4245 equ.
604 4192 642 4246 pr.
662 4177 711 4230 dcl.
731 4176 846 4230 Nitsclre
871 4177 881 4247 11
908 4177 1050 4246 proeliisss
1076 4178 1084 4245 11
1114 4179 1145 4232 13
1159 4179 1283 4248 uertisco]

217 4266 319 4320 uerutio
338 4267 400 4320 add.
419 4273 436 4334 β
459 4268 467 4336 11
492 4267 525 4320 16
541 4266 664 4319 dimicare
683 4267 744 4320 101*
769 4269 778 4337 11
806 4268 837 4319 17
857 4267 984 4321 inflantur
1001 4274 1030 4335 β;
1050 4268 1250 4321 inflammantur
1268 4287 1285 4320 α

262 4372 341 4416 Caesar
357 4373 374 4415 I.
390 4373 424 4416 ed.
439 4373 529 4416 Meuscl.
1093 4376 1125 4428 15
