3214 4812
286 336 349 398 222
687 349 793 403 BELLI
812 348 954 403 GALLICI

284 531 356 574 rum
368 530 465 574 causa
475 511 713 593 remansissent,
727 549 769 557 —
784 530 923 595 namque
940 531 1008 576 esse
1024 511 1166 595 undique
1183 513 1357 596 diligenter

285 619 511 701 demigratum,
536 655 578 664 -
607 619 664 682 sed
688 619 743 700 qui
766 618 952 702 speculandi
976 638 1072 682 causa
1095 624 1200 682 essent
1221 621 1354 684 remissi.

256 745 303 790 aa
327 724 447 806 quibus
470 744 544 788 cum
569 729 736 807 quaereret
759 723 886 807 Caesar,
909 744 973 808 quo
993 725 1062 788 loco
1082 725 1253 790 multitudo
1273 732 1355 790 esset

284 831 526 896 Bellovacorum
552 833 678 914 quodve
706 838 789 895 esset
811 832 981 895 consilium
1005 851 1129 914 eorum,
1156 833 1351 897 inveniebat:
1368 857 1399 900 10

255 939 471 1004 rBellovacos
488 957 611 1022 omnes,
637 941 691 1021 qui
711 959 798 1002 arma
816 940 898 1003 ferre
914 945 1056 1021 possent,
1078 941 1113 1002 in
1130 959 1230 1002 unum
1245 940 1352 1002 locum

220 1093 222 1100 Α
284 1048 486 1128 convenisse,
510 1047 653 1129 itemque
677 1045 865 1129 Ambianos,
889 1047 1059 1128 Aulercos,
1084 1045 1221 1128 Caletos,
1245 1045 1353 1109 Velio-

283 1172 401 1237 casses,
424 1153 606 1232 Atrebates3
617 1133 620 1142 ’
631 1153 738 1216 locum
762 1154 874 1217 castris
890 1154 1053 1217 excelsum
1073 1154 1107 1215 in
1123 1154 1204 1216 silva
1218 1154 1352 1216 circum-

284 1261 357 1324 data
384 1259 501 1345 palude
529 1259 698 1343 delegisse,
730 1261 959 1343 impedimenta
987 1261 1095 1323 omnia
1121 1260 1155 1322 in
1184 1260 1352 1323 ulteriores

284 1368 379 1432 silvas
403 1366 582 1430 contulisse.
622 1366 801 1449 complures
826 1386 894 1431 esse
918 1368 1078 1450 principes
1101 1366 1179 1430 belli
1198 1373 1351 1449 auctores,
1366 1389 1396 1431 15

284 1475 340 1538 sed
365 1473 603 1538 multitudinem
631 1474 769 1537 maxime
799 1473 915 1537 Correo
944 1474 1174 1556 obtemperare,
1207 1475 1293 1556 quod
1322 1475 1352 1537 ei

282 1601 407 1645 summo
441 1600 511 1645 esse
530 1580 617 1643 'odio
650 1597 766 1642 nomen
799 1579 911 1662 populi
943 1579 1080 1643 Romani
1110 1581 1352 1645 intellexissent.

255 1689 394 1772 epauois
422 1695 494 1751 ante
522 1686 636 1750 diebus
669 1703 710 1750 ex
743 1686 793 1749 his
821 1686 932 1749 castris
959 1687 1144 1750 Atrebatem
1172 1685 1353 1750 Commium

284 1795 466 1860 discessisse
500 1795 539 1856 ad
568 1793 690 1856 auxilia
719 1793 950 1855 Germanorum
980 1793 1176 1876 adducenda,
1214 1813 1350 1876 qnorum

255 1907 315 1964 eet
344 1901 490 1964 vicinitas
517 1900 697 1982 propinqua
725 1903 757 1961 et
783 1898 955 1962 multitudo
985 1905 1068 1964 esset
1095 1901 1226 1964 infinita.
1276 1920 1350 1965 con·
1365 1921 1396 1964 ao

282 2008 423 2070 stituisse
451 2010 557 2069 autem
585 2005 771 2068 Bellovacos
802 2007 946 2068 omnium
975 2008 1157 2093 principum
1185 2027 1352 2091 consensu,

283 2132 409 2177 summa
440 2112 542 2197 plebis
575 2112 760 2195 cupiditate,
793 2113 833 2192 si,
867 2117 903 2175 ut
930 2112 1102 2196 diceretur,
1136 2113 1250 2178 Caesar
1278 2134 1350 2178 cum

282 2219 384 2284 tribus
412 2218 594 2303 legionibus
622 2219 757 2301 veniret,
786 2238 819 2282 se
844 2218 956 2282 offerre
983 2221 1025 2283 ad
1053 2219 1282 2304 dimicandum,
1309 2241 1351 2286 ne

282 2328 447 2390 miseriore
470 2346 507 2389 ac
531 2325 659 2389 duriore
682 2330 791 2408 posteo
813 2325 1003 2390 condicione
1027 2347 1099 2389 oum
1123 2333 1188 2392 toto
1206 2329 1350 2392 exercitu

255 2434 444 2497 adecertare
468 2437 670 2515 cogerentur3
705 2433 731 2495 si
755 2433 891 2496 maiores
915 2433 1020 2516 copias
1044 2433 1227 2517 adduceret,
1253 2436 1287 2499 in
1312 2453 1349 2498 eo
1364 2453 1394 2495 as

281 2540 350 2603 loco
383 2558 582 2623 permanere,
620 2556 716 2621 quem
755 2538 958 2622 delegissent,
996 2540 1199 2622 pabulatione
1235 2547 1349 2624 eutem,

282 2665 363 2729 quae
387 2652 515 2730 propter
538 2645 616 2710 anni
639 2652 764 2729 tempus
788 2666 861 2709 cum
880 2647 998 2730 exigua
1021 2652 1090 2710 tum
1109 2647 1242 2712 disiecta
1258 2653 1350 2730 esset,

281 2757 313 2816 et
326 2753 572 2817 frumentatione
595 2759 625 2818 et
646 2754 771 2836 reliquo
787 2759 967 2817 commeatu
982 2772 1022 2816 ex
1039 2754 1166 2817 insidiis
1181 2754 1349 2837 prohibere

245 2858 449 2924 sRomanos.
490 2858 577 2935 Quae
597 2859 712 2925 Caesar
735 2859 1008 2924 consentientibus
1031 2861 1176 2943 pluribus
1200 2880 1273 2924 eum
1297 2881 1376 2925 co-r

279 2973 408 3049 gnosset
431 2972 526 3050 atque
549 2986 600 3048 ea,
629 2985 709 3049 quae
729 2970 993 3050 proponerentur,
1017 2967 1150 3030 consilio
1164 2968 1259 3051 plena
1274 2989 1349 3053 pru·

281 3071 406 3134 dentiae
439 3073 597 3156 longeque
630 3094 649 3136 a
678 3073 855 3136 temeritate
886 3072 1093 3137 barbarorum
1125 3081 1247 3139 remota
1280 3095 1349 3140 esse

280 3179 446 3260 iudicaret,
464 3178 611 3242 omnibus
627 3177 724 3242 rebus
739 3179 980 3243 inserviendum
996 3182 1116 3262 statuit,
1133 3202 1195 3264 quo
1213 3182 1349 3247 celerius

252 3286 385 3348 ahostes
409 3289 587 3367 contempta
614 3303 674 3348 sua
696 3285 854 3367 paucitate
877 3286 1042 3368 prodirent
1069 3288 1104 3350 in
1128 3289 1236 3352 aciem.
1283 3290 1379 3353 sin-s

367 3460 485 3514 Scausa
504 3477 534 3526 α;
558 3458 675 3527 gratier]
711 3461 719 3528 ll
756 3459 883 3514 9caesar
900 3477 961 3514 cum
981 3465 1137 3532 quereretfl
1173 3465 1182 3533 ll
1218 3465 1252 3519 10
1270 3465 1347 3519 inne·

279 3549 367 3602 niebat
386 3567 416 3615 u;
440 3547 649 3617 cognoscebatss
684 3548 693 3612 ll
731 3547 764 3600 12
782 3547 905 3604 eulurcos
925 3570 943 3602 α
980 3552 988 3620 ll
1016 3553 1349 3622 ·12.13uelioeassisu;

279 3637 449 3691 nellioeasses
469 3655 491 3688 π
523 3637 531 3705 ΙΙ
569 3636 602 3688 13
622 3636 753 3690 atrebatas
772 3656 807 3707 φ;
826 3639 959 3692 atrebates
978 3640 1016 3708 A;
1039 3641 1164 3696 atrebatis
1187 3642 1222 3706 0²
1258 3643 1267 3711 ΙΙ
1304 3643 1348 3697 13.

279 3727 313 3778 14
332 3726 526 3779 circumdatum
544 3724 575 3777 t'lr
606 3726 615 3794 ΙΙ
648 3725 682 3778 14
700 3726 787 3780 omnia
805 3726 1028 3797 impedimentafl
1060 3733 1068 3801 ll
1102 3733 1134 3785 15
1152 3734 1272 3786 auctores
1285 3730 1347 3784 belli

276 3821 294 3881 β
324 3818 333 3882 ll
367 3815 400 3868 16
419 3814 513 3868 eorbeo
526 3812 574 3865 M²
605 3814 614 3882 ll
647 3814 680 3868 18
693 3815 846 3869 Atrebatem
858 3834 911 3871 om.
923 3825 941 3884 β
972 3819 981 3884 ΙΙ
1014 3819 1048 3872 22
1060 3819 1146 3888 plebei
1157 3829 1175 3888 β
1206 3822 1215 3890 ll
1246 3835 1347 3888 caesar,

276 3906 307 3956 ut
326 3902 492 3966 dicereturss
523 3903 532 3970 ll
565 3902 598 3956 23
618 3903 741 3957 offerrent
761 3920 790 3958 se
809 3923 838 3973 a,
857 3922 916 3960 sese
935 3908 1066 3976 offerret
1100 3910 1108 3979 ll
1146 3911 1180 3964 24
1198 3910 1349 3964 conditione

276 3994 404 4061 posteafi
435 3993 443 4061 ll
476 3991 509 4046 25
528 3991 555 4044 in
572 3999 602 4058 ,23
621 3995 648 4045 et
665 3991 692 4046 in
712 4013 729 4044 a
761 3994 769 4062 ll
802 3995 836 4049 26
855 4001 1024 4064 permaneret
1043 4017 1061 4050 o
1087 4000 1095 4068 ll
1121 3998 1349 4067 pabulationemp

366 4081 393 4137 8.
419 4083 432 4134 1
458 4097 518 4135 cum
541 4082 765 4137 consentientibus
789 4084 974 4154 (sentientibus
994 4088 1019 4158 ρ)
1044 4087 1164 4156 pluribus
1187 4095 1205 4156 β
1240 4093 1248 4157 [l
1286 4091 1309 4142 1.
1330 4088 1349 4141 2

276 4171 446 4241 cognouisset
465 4171 502 4238 SA
533 4172 542 4240 11
573 4170 689 4226 trebus
708 4181 796 4241 coast
827 4177 835 4244 ll
867 4174 980 4231 bhostis
988 4197 1010 4245 χ
1041 4178 1050 4245 ll
1082 4185 1171 4246 suam
1191 4193 1298 4232 suarum
1311 4195 1349 4247 ‹p;

275 4277 385 4315 suorum
399 4260 458 4331 23²
489 4264 497 4329 ll
528 4261 647 4330 prodiret
665 4280 683 4313 a
1185 4265 1187 4270 '
