3218 4812
567 380 674 434 LIBER
692 380 738 433 VI.
759 380 835 434 CAP.
856 380 978 434 29-32.
1242 365 1303 428 151

238 543 391 606 silvarum
415 562 452 606 ac
474 543 644 607 fluminum
668 548 781 626 petunt
804 544 1072 627 propinquitates,
1101 545 1232 608 comites
1260 543 1306 605 f-

198 673 224 715 ra
238 650 443 731 miliaresque
467 651 537 713 eius
553 655 687 733 angusto
708 650 743 712 in
757 650 828 713 loco
844 650 1005 733 paulisper
1021 652 1167 732 equitum
1183 655 1306 713 nostro·

237 777 309 820 rum
334 759 401 820 vim
424 758 652 821 sustinuerunt.
700 757 748 820 his
771 757 990 840 pugnantibus
1013 757 1164 820 illumin
1187 776 1333 839 equum4

239 865 369 947 quidam
393 884 435 928 ex
458 865 524 927 suis
547 864 669 943 intulit;
693 864 869 947 fugientem
884 864 984 927 silvae
1003 867 1160 928 texerunt.
1207 867 1252 927 sic
1276 870 1307 928 et

239 971 279 1033 ad
302 969 508 1034 subeundum
529 970 709 1053 periculum
733 975 764 1033 et
786 971 825 1033 ad
845 970 1012 1034 vitandum
1027 971 1165 1034 multum
1179 972 1308 1034 fortuna

212 1077 348 1141 rvaluit.
394 1078 565 1141 Ambiorix
588 1079 694 1160 copias
722 1097 796 1140 suas
824 1077 985 1140 iudicione
1013 1096 1078 1140 non
1107 1078 1306 1159 conduxerit,
1324 1092 1359 1148 31

240 1185 325 1265 quod
359 1185 480 1267 proelio
514 1184 733 1248 dimicandum
765 1203 830 1247 non
859 1185 1067 1267 existimaret,
1097 1203 1138 1247 an
1166 1189 1307 1267 tempore

239 1292 390 1355 exclusus
420 1297 450 1354 et
473 1293 639 1375 repentino
669 1292 814 1374 equitum
842 1291 983 1354 adventu
1013 1290 1205 1374 prohibituS,
1234 1310 1307 1354 cum

239 1398 400 1480 reliquum
424 1400 601 1462 exercitum
629 1397 783 1479 subsequi
811 1397 965 1481 crederet,
994 1398 1128 1462 dubium
1161 1403 1221 1477 est,
1251 1398 1334 1463 seda

211 1511 325 1568 acerte
349 1506 487 1569 dimissis
511 1525 567 1588 per
591 1525 682 1588 agros
710 1505 833 1567 nuntiis
861 1504 922 1567 sibi
951 1524 1111 1588 quemque
1141 1505 1307 1569 consulere

239 1613 340 1676 iussit.
389 1632 526 1694 quorum
548 1633 620 1696 pars
643 1613 678 1675 in
703 1613 912 1676 Arduennam
936 1599 1062 1693 silvam,
1085 1632 1159 1695 pars
1182 1613 1217 1675 in
1233 1631 1308 1674 con-

240 1721 377 1783 tinentes
408 1719 540 1802 paludes
572 1719 723 1802 profugit,
759 1721 816 1800 qui
847 1720 986 1803 proximi
1015 1719 1141 1782 Oceano
1169 1719 1335 1800 fuerunta

239 1826 273 1888 hi
302 1826 416 1890 insulis
443 1845 512 1890 sese
542 1826 798 1907 occultaverunt,
831 1845 911 1907 quas
944 1832 1050 1889 aestus
1078 1824 1204 1890 efficere
1233 1845 1308 1888 con-

240 1937 387 2012 suerunt,
412 1933 506 1996 multi
530 1952 572 1996 ex
595 1935 662 1996 suis
689 1932 810 1996 finibus
839 1932 959 2015 egressi
987 1953 1020 1996 se
1049 1951 1171 2014 suaque
1200 1933 1335 1997 omniur

200 2061 227 2102 ro
240 2040 444 2102 alienissimis
467 2040 678 2105 crediderunt.
726 2038 929 2121 Catuvolcus,
953 2058 1012 2102 rex
1035 2039 1187 2103 dimidiae
1211 2039 1335 2122 pertiso

240 2132 443 2226 Eburonum,
476 2148 532 2229 qui
562 2166 626 2209 una
659 2165 732 2210 cum
760 2146 946 2230 Ambiorige
982 2146 1154 2210 consilium
1186 2146 1308 2228 inierat,

240 2258 340 2317 aetate
364 2255 428 2316 iam
452 2253 626 2337 confectus,
656 2272 729 2316 cum
756 2253 898 2318 laborem
922 2253 997 2316 belli
1026 2259 1080 2316 aut
1106 2253 1200 2336 fugae
1227 2253 1309 2317 ferre

239 2379 305 2422 non
329 2364 446 2443 posset,
471 2360 619 2423 omnibus
641 2360 789 2444 precibus
809 2361 981 2424 detestatus
997 2359 1230 2443 Ambiorigem,
1255 2360 1310 2442 qui

240 2468 310 2530 eius
334 2467 461 2530 consilii
485 2472 595 2530 auctor
617 2467 742 2548 fuisset,
766 2472 855 2550 taxo,
885 2468 977 2530 cuius
1005 2487 1120 2550 magna
1147 2468 1182 2529 in
1207 2466 1310 2530 Gallia

201 2592 227 2633 15
242 2573 476 2656 Germaniaque
499 2575 589 2657 copia
613 2579 673 2655 est,
697 2593 730 2638 se
756 2575 961 2637 exanimavit.

214 2700 227 2740 1
331 2679 428 2764 Segni
456 2678 692 2763 Condrusique,
721 2700 762 2744 ex
789 2685 884 2764 gente
913 2687 945 2745 et
972 2701 1106 2744 numero
1137 2681 1310 2744 Germano·
1327 2694 1364 2750 32

240 2808 326 2869 rum,
360 2789 414 2869 qui
447 2793 521 2851 sunt
548 2789 633 2851 inter
659 2786 828 2851 Eburones
860 2789 1090 2871 Treverosque,
1123 2789 1241 2871 legatos
1270 2787 1310 2850 ad

242 2893 409 2958 Caesarem
441 2896 598 2957 miserunt
630 2899 766 2976 oratum,
799 2914 840 2958 ne
874 2913 908 2958 se
936 2896 972 2957 in
1000 2896 1140 2958 hostium
1175 2913 1309 2958 numero

242 3000 372 3064 duceret
409 3019 491 3064 neve
528 3002 673 3064 omnium
713 3001 958 3083 Germanorum,
996 3004 1052 3085 qui
1090 3008 1195 3066 essent
1232 3002 1311 3064 citra

214 3107 402 3189 oRhenum,
425 3127 523 3171 unam
547 3126 614 3171 esse
638 3128 767 3172 oausam
790 3109 959 3172 iudicaret:
990 3109 1070 3172 nihil
1099 3129 1132 3173 se
1162 3108 1201 3172 de
1226 3108 1309 3172 bello

243 3214 444 3297 cogitavisse,
469 3214 558 3277 nulla
580 3215 760 3300 Ambiorigi
788 3217 910 3279 auxilia
937 3217 1071 3280 misisse.
1119 3215 1232 3279 Caesar
1255 3235 1338 3280 err-2

241 3321 364 3402 plorata
386 3341 420 3384 re
445 3323 630 3401 quaestione
647 3323 859 3405 captivorum,
882 3325 910 3386 si
934 3325 990 3405 qui
1014 3324 1053 3386 ad
1073 3342 1127 3388 eos
1143 3323 1311 3386 Eburones

243 3445 284 3490 ex
307 3428 382 3511 fuga
410 3429 646 3510 convenissent,
675 3429 714 3492 ad
743 3449 776 3494 se
805 3436 841 3493 ut
864 3432 1099 3502 reducerentur
1126 3430 1308 3513 imperavit,

334 3676 366 3727 14
385 3677 505 3744 atquerp
542 3677 550 3739 ΙΙ
588 3678 619 3728 17
640 3676 730 3730 intulit
750 3696 779 3744 u3
802 3679 942 3747 impulitd
978 3680 986 3747 A
1026 3677 1058 3731 18
1078 3676 1194 3730 multum
1214 3695 1243 3743 a,
1268 3679 1310 3729 tu-

243 3763 393 3830 multumfi

331 3853 377 3908 31.
397 3852 413 3904 2
432 3852 595 3906 existimaret
615 3853 651 3918 D3
675 3855 761 3922 Paul3
785 3857 943 3910 existimarit
966 3856 997 3909 X
1030 3858 1038 3925 ΙΙ
1075 3857 1091 3908 3
1115 3858 1248 3925 equitatus
1267 3863 1284 3921 β
1303 3854 1311 3926 A

244 3941 323 4009 ”iqui
342 3941 405 3993 hinc
423 3941 572 4008 proximid
613 3943 621 4010 tl
662 3942 823 4016 8hisp1tt
864 3945 958 4000 insulis
977 3944 1031 4011 Αβ;
1060 3945 1088 3997 in
1106 3945 1200 3999 insulis
1224 3944 1256 4012 03
1285 3944 1312 3996 in

243 4029 361 4100 siluisq
393 4032 401 4099 ΙΙ
433 4031 457 4084 8.
478 4031 494 4083 9
512 4035 741 4099 consueueruutfi
777 4034 785 4101 ΙΙ
823 4037 856 4090 10
874 4034 1063 4101 catouclcusfi
1098 4036 1107 4102 tt
1145 4035 1178 4088 12
1197 4033 1260 4088 balli
1280 4052 1311 4100 a,

243 4121 290 4172 aut
307 4118 406 4186 bellio

265 4191 712 4379 w&
733 4211 748 4262 7
768 4227 795 4264 re
815 4212 982 4280 exploratass
1009 4214 1017 4281 tt
1042 4214 1056 4265 7
1077 4212 1230 4280 quaestione
1249 4227 1311 4279 cap·

242 4297 263 4350 ti

206 4392 1141 4790 Η,
