3126 4968
257 297 297 358 12
660 309 766 364 BELLI
785 309 927 364 GALLICI

227 473 455 557 elargiendam
479 493 610 554 magnas
631 492 843 555 comparasse3
868 493 1021 555 magnum
1042 492 1212 537 numerum
1234 474 1324 555 equi·

228 585 339 646 status
359 599 417 643 suo
433 586 561 663 sumptu
576 598 701 662 semper
720 579 803 644 alere
824 585 855 643 et
874 581 995 643 circum
1013 599 1047 644 se
1066 579 1196 659 babere,
1219 598 1324 660 neque

256 687 360 753 solum
389 687 487 768 domi,
520 686 577 750 sed
605 689 700 750 etiarn
729 687 811 769 apud
840 686 991 750 finitimas
1019 688 1163 750 civitates
1195 686 1324 770 largiter

254 814 360 878 posse,
383 799 479 876 atque
502 795 598 856 huius
621 795 782 877 potentiae
801 813 897 856 causa
914 799 1048 856 matrem
1071 795 1107 856 in
1126 793 1324 876 Biturigibus
1338 815 1364 857 15

228 901 378 968 rhomiui
399 901 466 964 11110
489 900 686 964 nobilissimo
706 920 742 963 ac
760 902 980 983 potentissimo
999 901 1195 978 conlocasse3
1219 902 1325 983 ipsum

255 1028 297 1072 ex
315 1007 472 1072 Helvetiis
496 1027 630 1071 uxorem
655 1007 784 1088 habere,
809 1026 949 1071 sororem
969 1027 1011 1070 ex
1029 1012 1129 1070 matre
1149 1013 1181 1071 et
1198 1009 1325 1090 propin-

228 1136 335 1199 squas
359 1135 432 1178 suas
455 1120 591 1198 nuptum
614 1116 649 1177 in
674 1115 750 1177 aiias
775 1116 918 1178 civitates
938 1115 1128 1178 eorrlocasse.
1167 1115 1273 1178 favere
1294 1120 1325 1178 01

256 1241 370 1305 cupere
399 1221 557 1285 Helvetiis
587 1226 715 1304 propter
747 1241 817 1284 eam
850 1220 1058 1304 adfinitatem,
1092 1221 1197 1284 odisse
1230 1223 1325 1284 etiam

256 1348 313 1392 suo
338 1329 466 1392 nornine
491 1326 657 1392 Caesarem
681 1333 713 1391 et
734 1328 909 1408 Romanos,
940 1328 1026 1408 quod
1050 1347 1161 1391 eorum
1184 1328 1365 1390 adventum

254 1437 397 1518 potentia
424 1436 493 1498 eius
522 1436 686 1498 deminuta
714 1440 745 1497 et
773 1433 955 1497 Diviciacus
977 1434 1076 1498 frater
1098 1436 1133 1496 in
1157 1436 1326 1517 antiquum

229 1542 362 1608 olocurn
385 1543 505 1626 gratiae
529 1548 623 1622 atque
643 1542 774 1604 honoris
793 1543 835 1603 sit
852 1542 1025 1604 restitutus.
1061 1543 1088 1603 si
1108 1541 1185 1622 quid
1204 1542 1327 1604 accidat

255 1647 421 1729 Romanis,
444 1667 602 1711 summam
625 1650 659 1710 in
683 1667 771 1731 spem
791 1667 848 1730 per
865 1647 1032 1710 Helvetios
1051 1649 1141 1730 regni
1160 1646 1326 1711 obtinendi

256 1757 380 1835 venire3
409 1756 543 1838 imperio
567 1755 675 1838 popuii
698 1753 835 1818 Romani
857 1774 925 1817 non
947 1753 1042 1817 modo
1067 1755 1106 1817 de
1129 1774 1241 1837 regno,
1269 1755 1325 1817 sed

216 1887 242 1928 ro
256 1864 353 1926 etiam
386 1862 425 1925 de
454 1882 492 1925 ea
525 1882 621 1943 quarn
645 1862 760 1926 habeat
791 1863 894 1942 gratia
922 1862 1097 1944 desperare.
1147 1861 1325 1944 reperiebat
1339 1881 1365 1923 25

257 1971 353 2032 etiam
372 1971 406 2032 in
424 1967 605 2050 quaerendo
623 1969 750 2050 Caesar,
775 1969 861 2050 quod
875 1969 1034 2051 proelium
1050 1973 1197 2049 equestre
1215 1970 1325 2032 adver-

257 2096 328 2139 sum
351 2077 460 2159 paucis
484 2081 556 2139 ante
581 2075 694 2138 diebus
714 2080 797 2138 esset
813 2076 945 2155 facturn,
967 2076 1096 2137 initium
1117 2073 1209 2158 [eius]
1233 2075 1325 2159 fugae

255 2183 374 2245 factum
389 2203 407 2244 a
420 2180 619 2265 Dumnorige
640 2187 734 2263 atque
751 2184 820 2245 eius
839 2182 1000 2263 equitibus
1016 2219 1056 2227 —
1071 2201 1147 2244 nam
1162 2184 1326 2263 equitatui,

258 2309 354 2372 quern
381 2288 501 2352 auxilio
526 2287 652 2352 Caesari
679 2287 809 2352 Haedui
835 2290 1001 2370 miserant,
1028 2286 1210 2351 Dumnorix
1237 2309 1326 2372 prae·

257 2402 324 2460 erat
347 2416 400 2456 —-:
426 2415 537 2459 eorum
556 2396 632 2478 fuga
650 2394 810 2476 reliquum
829 2414 898 2459 esse
918 2397 1094 2477 equitatum
1113 2398 1324 2479 perterritum.
1339 2415 1367 2457 eo

203 2511 239 2564 19
258 2501 381 2577 Quibus
399 2501 496 2565 rebus
515 2502 664 2585 segnitie,
689 2521 762 2564 oum
781 2501 822 2564 ad
840 2503 897 2565 has
917 2504 1113 2585 suspiciones
1132 2504 1351 2566 certissimaor

257 2627 308 2673 res
332 2610 530 2688 accederent,
555 2610 640 2690 quod
663 2596 818 2691 perfines
837 2608 1059 2691 Sequanorum
1078 2609 1245 2674 Helvetios
1264 2614 1326 2671 tra-

258 2717 415 2792 duxisset,
444 2716 530 2797 quod
558 2715 686 2779 obsides
713 2717 797 2780 inter
825 2736 879 2780 eos
908 2716 1029 2779 dandos
1057 2721 1211 2798 curasset,
1241 2718 1326 2799 quod

258 2843 295 2887 eu
323 2824 430 2886 omnia
457 2842 520 2884 non
549 2823 644 2885 modo
671 2824 799 2886 iniussu
827 2843 884 2886 suo
914 2828 945 2886 et
968 2824 1119 2903 civitatiS,
1147 2822 1203 2886 sed
1231 2825 1326 2886 etiam

256 2930 466 2993 inscientibus
488 2931 566 3012 ipsis
588 2929 726 3007 fecisset,
755 2931 840 3011 quod
866 2951 884 2992 a
910 2931 1097 3012 magistratu
1117 2930 1353 2993 Haeduorums

258 3041 472 3116 accusaretur,
495 3037 572 3098 satis
596 3055 664 3100 esse
690 3055 803 3099 causae
824 3036 1050 3117 arbitrabatur,
1074 3056 1171 3117 quare
1194 3037 1229 3098 in
1253 3057 1326 3100 eum

258 3147 313 3205 aut
335 3144 402 3225 ipse
422 3143 687 3206 animadverteret
706 3148 760 3205 aut
779 3144 940 3206 civitatem
964 3143 1216 3206 animadvertere
1237 3143 1326 3207 iube-

231 3255 313 3314 2ret.
350 3251 400 3312 his
424 3249 572 3312 omnibus
590 3249 687 3312 rebus
709 3269 813 3311 unum
833 3249 1042 3332 repugnabat,
1067 3250 1153 3331 quod
1171 3247 1327 3313 Diviciaci

256 3357 361 3419 fratris
380 3376 541 3420 summum
563 3357 598 3418 in
617 3355 771 3439 populum
789 3356 971 3419 Romanum
992 3357 1146 3437 studium,
1170 3376 1327 3419 summam

257 3465 292 3524 in
312 3483 345 3528 se
362 3464 573 3545 voluntatem,
592 3464 753 3546 egregiam
768 3461 878 3544 iidem,
897 3464 1067 3544 iustitiam,
1086 3465 1333 3558 temperantiam
1341 3485 1367 3528 10

258 3576 463 3652 cognoverat,
487 3590 564 3633 nam
578 3589 618 3632 ne
633 3571 702 3633 eius
722 3570 878 3654 supplicio
893 3570 1049 3633 Diviciaci
1069 3573 1211 3633 animum
1230 3571 1327 3633 offen-

231 3677 348 3741 aderet
371 3676 548 3740 verebatur.
592 3678 700 3758 itaque
724 3678 812 3759 prius
837 3697 932 3759 quam
957 3679 1128 3758 quicquam
1152 3683 1327 3759 conaretur,

258 3783 458 3846 Diviciacum
485 3783 525 3844 ad
549 3802 582 3846 se
606 3785 714 3846 vocari
737 3783 827 3847 iubet
854 3765 886 3846 01
909 3785 1077 3846 cotidianis
1100 3783 1327 3867 interpretibus

349 4032 382 4084 15
405 4029 565 4100 uiturigibus
589 4031 658 4098 aaa)
705 4029 713 4101 11
760 4031 793 4084 26
818 4031 897 4084 etiam
916 4031 1072 4100 inquirendo
1091 4051 1113 4082 π
1159 4030 1167 4102 11
1214 4017 1327 4086 2701110

258 4119 396 4172 (1011100.

347 4227 392 4281 la.
413 4225 429 4280 9
452 4225 580 4294 populum
599 4242 628 4278 .r.
643 4244 677 4294 χ;
699 4226 827 4295 populum
848 4234 887 4295 φβ
