3126 4968
289 343 331 406 50
689 357 794 414 suum
813 357 956 413 GALLIOI

288 519 454 585 commode
476 520 538 605 ipsi
560 521 622 584 sibi
644 521 859 605 praescribere
882 539 979 605 quam
1007 521 1046 584 ab
1071 520 1143 586 aliis
1170 520 1279 585 doceri
1300 539 1357 606 po·

287 633 404 710 terant,
433 633 465 692 et
488 627 575 710 quod
602 628 641 692 ab
666 645 762 712 opere
784 628 984 712 singulisque
1008 628 1190 712 legionibus
1213 629 1356 712 singulos

287 736 407 820 legatos
440 733 557 799 Caesar
594 733 756 799 discedere
792 735 855 798 nisi
890 735 1023 798 munitis
1060 736 1172 798 castris
1203 739 1355 799 vetuerat.

261 843 321 908 ahi
336 845 467 926 propter
481 841 751 925 propinquitatem
776 847 807 904 et
830 841 1023 905 celeritatem
1038 841 1179 905 hostium
1194 841 1276 904 nihil
1291 842 1356 905 iam

289 949 432 1013 Caesaris
455 948 627 1033 imperium
650 948 875 1032 expectabant,
897 947 954 1012 sed
976 967 1033 1033 per
1052 967 1086 1012 se
1102 965 1183 1032 quae
1205 947 1357 1012 videban-
1370 973 1398 1015 rs

228 1071 268 1126 21
288 1063 342 1119 tur
373 1054 645 1120 administrabant
701 1054 816 1120 Caesar
847 1057 1036 1120 necessariis
1067 1055 1163 1119 rebus
1194 1055 1383 1139 imparatisr

289 1162 329 1226 ad
353 1162 562 1227 cohortandos
578 1163 705 1243 milites,
729 1182 826 1246 quam
851 1161 908 1246 [in]
933 1167 1055 1245 partem
1069 1161 1134 1226 fors
1151 1161 1280 1245 obtulit,
1304 1161 1357 1226 de-

261 1271 430 1334 acucurrit
457 1275 490 1334 et
516 1269 556 1333 ad
582 1271 742 1354 legionem
772 1269 928 1332 decimam
960 1268 1095 1332 devenit
1141 1267 1260 1332 milites
1293 1287 1357 1331 non

288 1377 431 1460 longiore
454 1377 597 1440 oratione
619 1377 815 1458 cohortatus,
840 1396 936 1458 quarn
951 1377 1000 1440 uti
1022 1393 1100 1439 suae
1119 1375 1271 1458 pristinae
1294 1375 1357 1438 vir·

288 1485 365 1547 tutis
387 1484 575 1547 memoriam
598 1484 772 1547 retinerent
796 1501 862 1547 neu
884 1483 1149 1565 perturbarentur
1170 1482 1278 1546 animo
1302 1482 1385 1548 lio-o

261 1591 451 1672 ostiumque
474 1591 630 1673 impetum
652 1589 776 1653 fortiter
799 1591 1003 1672 sustinerent,
1032 1589 1119 1672 quod
1141 1609 1206 1653 non
1229 1589 1357 1673 longius

287 1699 393 1760 hostes
407 1698 552 1779 aberant,
577 1715 674 1778 quarn
697 1715 761 1779 quo
780 1697 880 1760 telum
900 1695 987 1780 adigi
1001 1700 1119 1780 posset,
1142 1696 1257 1779 proelii
1272 1715 1357 1760 oom-

260 1803 435 1869 rrnr'ttendr
466 1804 595 1886 signum
627 1802 721 1868 dedit.
768 1809 863 1887 atque
894 1805 931 1866 in
963 1804 1093 1867 alteram
1124 1806 1247 1886 partem
1279 1804 1356 1866 itam

261 1910 477 1976 scohortandi
509 1929 605 1974 eausa
635 1911 795 1993 profectus
828 1910 1045 1994 pugnantibus
1078 1910 1223 1974 occurrit.
1278 1914 1357 1974 tenr—

289 2017 374 2100 poris
397 2022 485 2080 tanta
506 2017 567 2080 fuit
594 2017 751 2099 exiguitas
773 2018 977 2098 hostiumque
1005 2021 1071 2080 tam
1092 2022 1223 2100 paratus
1246 2017 1287 2080 ad
1310 2016 1356 2079 di·
1371 2039 1399 2082 ro

289 2123 473 2187 micandrun
500 2125 639 2206 animus,
668 2129 704 2186 ut
730 2143 796 2186 non
822 2123 917 2188 modo
946 2123 986 2186 ad
1013 2124 1153 2207 insignia
1180 2139 1356 2187 accommo-

290 2229 407 2310 danda,
431 2229 486 2294 sed
509 2229 660 2294 etiamad
679 2231 786 2314 galeas
806 2230 987 2294 induendas
1002 2231 1164 2313 scutisque
1184 2231 1357 2313 tegimenta

262 2338 484 2401 cdetrahenda
507 2341 632 2420 tempus
655 2337 799 2401 defuerit
846 2357 943 2418 quam
971 2338 1108 2419 quisque
1136 2336 1175 2400 ab
1205 2355 1299 2419 opere
1321 2336 1356 2398 in

288 2449 410 2526 partem
434 2463 511 2508 casu
539 2437 669 2506 devenit
697 2463 841 2527 quaeque
869 2446 972 2528 prima
995 2445 1086 2527 signa
1108 2445 1288 2527 conspexit,
1316 2443 1355 2506 ad

290 2551 366 2614 lraeo
389 2552 543 2632 constitit,
567 2570 608 2613 ne
630 2552 665 2614 in
682 2551 870 2632 quaerendis
894 2554 960 2615 suis
980 2551 1147 2635 pugnandi
1167 2551 1398 2635 tempusdi·1o

234 2670 270 2725 22
288 2657 436 2721 mitteret.
482 2658 642 2721 Instructo
660 2659 803 2722 exercitu
818 2660 920 2742 magis
935 2663 972 2722 ut
991 2659 1054 2721 loci
1069 2663 1185 2721 natura
1201 2658 1382 2723 deiectus-r

291 2783 352 2845 que
381 2764 472 2827 collis
500 2769 532 2828 et
557 2766 731 2828 necessitas
763 2767 913 2848 temporis
942 2784 1038 2847 quarn
1071 2770 1107 2828 ut
1133 2766 1182 2828 rei
1207 2764 1356 2827 militaris

288 2871 368 2935 ratio
393 2876 487 2952 atque
512 2872 588 2934 ordo
612 2870 804 2955 postulabat,
833 2889 908 2934 curn
936 2871 1079 2934 diversae
1106 2871 1248 2954 legiones
1276 2871 1356 2934 aliae

290 2978 353 3039 alio
374 2979 409 3040 in
432 2983 521 3060 parte
543 2978 689 3042 hostibus
713 2979 896 3042 resisterent
918 2979 1130 3062 saepibusque
1152 2977 1356 3058 densissimis,

289 3089 326 3147 ut
349 3087 420 3147 ante
448 3083 748 3166 demonstravimus
775 3086 948 3148 interiectis
974 3088 1161 3169 prospectus
1188 3083 1385 3167 impedire-s

290 3198 355 3270 tur,
378 3209 485 3272 neque
509 3197 595 3253 certa
617 3191 760 3254 subsidia
775 3191 934 3254 conlocari
953 3211 1059 3273 neque
1077 3192 1155 3273 quid
1177 3193 1209 3253 in
1229 3210 1355 3272 quaque

289 3303 378 3381 porte
402 3317 481 3380 opus
505 3303 587 3361 esset
613 3297 773 3380 provideri
800 3317 906 3379 neque
934 3298 971 3361 ab
1001 3318 1066 3362 uno
1096 3299 1201 3361 omnia
1224 3299 1357 3380 imperia

380 3529 412 3581 11
432 3528 482 3581 sibi
502 3545 531 3594 ας
551 3528 601 3582 sibi
614 3527 699 3596 magis
717 3534 735 3594 β
765 3531 774 3594 ΙΙ
807 3528 841 3580 14
859 3529 967 3596 propter
985 3527 1144 3582 celeritatem
1164 3529 1192 3580 et
1204 3525 1356 3597 propinqui-

289 3619 406 3683 tatemss
437 3619 446 3682 ll
479 3619 512 3670 15
531 3617 720 3685 spectabantfl

378 3725 424 3778 21.
445 3724 461 3776 2
483 3724 509 3776 in
533 3724 582 3778 olel.
606 3723 696 3778 Krec.
737 3725 746 3792 {l
787 3723 811 3777 2.
831 3725 847 3776 3
867 3724 1016 3790 decurrite
1056 3724 1065 3792 ll
1104 3725 1187 3777 dest
1206 3723 1356 3778 cohortatus

290 3811 352 3879 B2p
383 3812 392 3876 11
424 3812 528 3880 iadigi
552 3812 654 3879 Oiooc.;
673 3812 741 3868 adici
762 3831 791 3879 α;
810 3812 914 3880 εὼίοὶβ
946 3814 954 3881 ll
987 3812 1021 3866 12
1039 3813 1188 3867 induendas
1207 3812 1297 3879 Meae
1315 3811 1355 3864 in-

291 3901 424 3954 ducendas
447 3901 477 3953 X
514 3901 523 3969 ll
565 3903 598 3954 13
618 3902 779 3955 detrahenda
800 3900 875 3968 B²fl3
903 3902 1065 3956 detrudendo
1083 3901 1184 3970 pSM²;
1213 3901 1357 3955 detruenda

289 3988 378 4041 B¹M¹
410 3991 419 4058 ll
451 3990 563 4058 quisque
577 4008 607 4057 c3
626 3990 795 4058 quisquamp
825 3990 834 4059 ll
868 3991 902 4043 14
914 3990 990 4059 signa
1002 3991 1116 4058 primast
1146 3997 1155 4060 ll
1188 3993 1221 4045 15
1234 3991 1262 4044 in
1275 4005 1356 4059 quae-

290 4077 380 4132 rendis
399 4078 456 4132 suis
476 4096 505 4145 ας
523 4078 679 4146 inquirendo
698 4086 796 4147 suosfi
827 4082 836 4148 ll
867 4079 1126 4148 tempuspugnandi
1144 4087 1162 4146 ,l

379 4185 425 4240 22.
446 4187 469 4238 1.
489 4185 513 4238 2,
534 4185 706 4255 deiectusque
725 4186 763 4239 ed.
783 4187 811 4252 13
835 4185 1005 4254 delectusque
1024 4185 1055 4239 X
1092 4188 1101 4256 ll
1143 4187 1158 4240 3
1177 4186 1299 4242 diuersae
1316 4186 1356 4240 le-

291 4276 381 4344 giones
405 4274 508 4342 Oiacc.;
528 4274 640 4329 diuersis
658 4275 805 4345 legionibus
824 4274 854 4327 X
