3218 4812
562 345 669 400 LIBER
687 347 747 400 vn.
768 346 843 401 aar.
865 347 981 400 14-17.
1239 334 1305 396 169

236 509 418 591 imperabat.
466 526 575 572 omnes
598 513 723 573 nostras
737 509 960 593 pabulationes
974 511 1303 594 frumentationesque
1317 537 1337 578 a

237 615 425 679 observabat
449 616 684 699 dispersosque,
707 636 781 679 cum
803 616 933 699 longius
956 618 1135 682 necessario
1154 600 1309 701 procede-¹

236 726 319 804 rent,
354 721 557 786 adoriebatur
588 740 769 806 magnoque
800 723 1004 787 incommodo
1034 723 1211 806 adficiebat,
1244 726 1303 788 etsi

174 856 175 862 ¹
237 835 392 911 quantum
414 829 536 894 ratione
563 829 725 912 provideri
747 834 882 912 poterat,
910 830 1089 894 abnostris
1118 831 1304 895 occurreba-

195 960 222 1003 1o
236 941 300 1018 tur,
329 941 364 999 ut
387 937 518 1000 incertis
546 936 741 1019 temporibus
770 936 968 1020 diversisque
996 938 1167 1002 itineribus
1193 939 1302 1002 iretur.

208 1069 220 1108 1
325 1041 443 1107 Castris
471 1042 509 1106 ad
539 1062 609 1106 eam
635 1048 756 1126 partem
785 1044 893 1127 oppidi
919 1045 1030 1128 positis
1059 1042 1187 1126 Caesar,
1221 1063 1303 1126 quae
1322 1062 1363 1115 le

235 1149 416 1213 intermissa
441 1147 481 1233 [a]
505 1149 638 1212 flumine
654 1155 685 1214 et
699 1151 814 1232 palude
830 1151 964 1232 aditum,
987 1156 1024 1214 ut
1041 1170 1137 1234 supra
1153 1151 1303 1234 diximus,

236 1262 406 1339 augustum
422 1256 571 1339 habebat,
595 1276 741 1340 aggerem
757 1277 921 1341 apparare,
943 1259 1054 1322 vineas
1070 1277 1176 1341 agere,
1199 1262 1304 1322 turres

237 1363 316 1426 duas
349 1364 540 1427 constituere
574 1365 689 1446 coepit3
724 1383 798 1428 nam
826 1365 1067 1428 circumvallare
1100 1365 1161 1428 loci
1189 1369 1303 1429 natura

208 1469 428 1552 sprohibebat
475 1471 515 1534 de
538 1489 571 1533 re
593 1471 803 1534 frumentaria
824 1471 921 1534 Boios
949 1476 1045 1554 atque
1068 1471 1220 1536 Haeduos
1248 1472 1302 1536 ad·
1317 1496 1337 1536 a

235 1577 355 1640 hortari
376 1597 443 1640 non
461 1577 592 1658 destitit,
618 1597 755 1661 quorum
772 1577 876 1661 alteri,
901 1578 987 1660 quod
1002 1579 1092 1642 nullo
1109 1579 1213 1644 studio
1230 1598 1303 1663 age-

235 1683 325 1764 bant,
349 1703 415 1746 non
438 1684 575 1748 multum
600 1684 806 1766 adiuvabant,
830 1685 920 1749 alteri
942 1705 1008 1750 non
1031 1687 1157 1769 magnis
1172 1686 1304 1750 laculta-

236 1789 335 1871 tibus,
359 1790 444 1872 quod
467 1792 579 1854 civitas
603 1795 671 1855 erat
694 1792 812 1874 exigua
834 1797 866 1855 et
883 1791 1022 1874 infirma,
1046 1793 1193 1856 celeriter
1216 1793 1301 1875 quod

236 1897 416 1960 habuerunt
439 1903 712 1980 consumpserunt.
759 1918 885 1962 summa
901 1898 1085 1962 difficultate
1100 1900 1147 1963 rei
1161 1899 1302 1963 frumen·
1315 1921 1337 1964 a

195 2005 333 2068 ratariae
350 2005 471 2068 adleoto
488 2006 630 2068 exercitu
645 2006 798 2070 tenuitate
814 2005 980 2087 Boiorum,
1004 2006 1203 2090 indiligentia
1218 2005 1302 2071 Hae-

236 2111 385 2193 duorum,
408 2111 565 2175 inoendiis
589 2111 820 2195 aedificiorum,
849 2132 951 2195 usque
980 2133 1031 2192 eo,
1059 2118 1095 2177 ut
1123 2113 1305 2196 complures

236 2217 303 2282 dies
325 2218 485 2282 frumento
509 2219 626 2282 milites
650 2220 811 2283 caruerint
839 2224 871 2284 et
892 2239 1005 2303 pecore
1033 2239 1075 2284 ex
1097 2221 1305 2304 longinquio-

234 2324 324 2390 ribus
356 2326 437 2388 vicis
470 2325 579 2388 adacto
613 2332 789 2389 extremam
821 2326 938 2392 lamem
965 2328 1185 2410 sustentarint,
1213 2329 1305 2390 nulla

235 2436 341 2495 tamen
364 2451 429 2496 vox
453 2437 500 2496 est
527 2431 566 2495 ab
590 2434 629 2496 iis
653 2433 761 2496 audita
787 2434 898 2516 populi
920 2433 1057 2496 Romani
1079 2434 1243 2498 maiestate
1271 2439 1303 2498 et

195 2537 452 2622 pauperioribus
475 2540 617 2602 victoriis
641 2540 781 2622 indigna.
821 2541 900 2622 quin
925 2542 1019 2604 etiam
1039 2539 1155 2605 Caesar
1178 2561 1251 2605 cum
1267 2543 1334 2604 ina

236 2663 329 2728 opere
352 2646 493 2729 singulas
515 2647 658 2729 legiones
682 2647 853 2730 appellaret
876 2652 920 2728 et,
944 2649 971 2710 si
994 2648 1139 2712 acerbius
1161 2649 1302 2732 inopiam

234 2751 366 2834 ferrent,
399 2771 433 2816 se
462 2754 668 2817 dimissurum
697 2755 966 2837 oppugnationem
994 2754 1127 2836 diceret,
1158 2757 1302 2818 universi

235 2858 274 2922 ab
298 2878 334 2922 eo
358 2878 400 2923 ne
423 2859 457 2923 id
478 2861 595 2924 faceret
617 2861 779 2943 petebant:
804 2862 850 2924 sic
874 2880 907 2924 se
924 2861 1102 2944 complures
1126 2881 1227 2926 annos
1244 2861 1300 2926 illo
1315 2883 1335 2924 s

234 2966 410 3050 imperante
442 2968 609 3050 meruisse,
646 2973 683 3030 nt
714 2968 836 3031 nullam
870 2968 1080 3052 ignominiam
1113 2969 1301 3052 acciperent,

194 3089 408 3156 ennumquam
433 3074 607 3138 infectare
631 3074 843 3154 discederent,
867 3075 928 3138 hoo
952 3094 985 3138 se
1000 3076 1197 3156 ignominiae
1220 3076 1336 3139 latu-r>

234 3199 286 3244 ros
311 3180 395 3262 loeo,
427 3182 455 3244 si
481 3183 641 3265 inceptam
669 3183 940 3266 oppugnationem
966 3183 1182 3266 reliquissent3
1211 3203 1334 3266 prae-r

235 3291 317 3350 stare
340 3307 451 3352 omnes
473 3289 611 3370 perferre
632 3290 830 3370 acerbitates,
855 3309 950 3372 quam
966 3309 1031 3354 non
1047 3289 1172 3354 civibus
1186 3290 1302 3354 Roma-

235 3395 298 3476 nis,
322 3396 378 3477 qui
402 3393 521 3458 Cenabi
540 3395 675 3478 perfidia
691 3396 854 3461 Gallorum
871 3398 1068 3480 interissent,
1091 3403 1301 3480 parentatent

235 3500 312 3564 haec
336 3501 446 3564 eadem
471 3503 711 3566 centurionibus
727 3504 929 3586 tribunisque
945 3504 1084 3567 militum
1100 3503 1301 3586 mandabant,
1315 3525 1335 3567 e
1449 3585 1452 3590 Ι

322 3805 367 3858 11.
389 3806 402 3855 1
424 3802 521 3857 Caesar
538 3804 631 3858 castris
730 3806 835 3874 positis,
860 3822 927 3874 quae
951 3805 1012 3858 HM
1049 3805 1058 3874 ll
1099 3805 1168 3876 2[a]
1191 3805 1302 3860 flumine

234 3889 296 3944 HM
323 3891 332 3960 ΙΙ
364 3893 392 3946 et
409 3909 425 3946 a
443 3893 585 3961 paludibus
605 3913 622 3946 a
654 3896 663 3964 ll
695 3894 965 3961 constitnerit&
984 3895 1123 3964 distititu3
1142 3896 1275 3963 desistitss
1293 3895 1302 3968 ll

235 3979 269 4033 12
287 3987 337 4048 οβ
368 3983 377 4050 ΙΙ
410 3981 443 4036 13
462 3983 638 4037 sustentarint
661 3983 776 4051 Wbitte3
798 3987 979 4038 sustentarent
998 3984 1025 4038 X
1061 3985 1069 4054 ll
1107 3986 1140 4038 14
1159 3988 1248 4040 tamen
1267 4002 1301 4040 ax

233 4068 266 4123 iis
284 4087 337 4124 nox
360 4073 402 4124 est
424 4071 549 4139 auditafl
585 4073 593 4140 l]
631 4074 664 4127 16
683 4073 801 4142 singulos
824 4074 979 4144 legionarios
1003 4074 1101 4144 Pluyp.
1138 4077 1148 4144 l
1184 4075 1219 4130 20
1237 4091 1304 4130 nus·
1433 4083 1605 4198 q

234 4175 313 4226 quam
333 4179 350 4211 a
387 4162 396 4228 ,l
432 4160 581 4230 inceptare
601 4181 619 4214 ιι
656 4165 664 4230 ll
701 4163 743 4218 20.
764 4164 796 4216 21
816 4163 873 4217 loco
891 4163 1028 4230 laturosss
1064 4167 1072 4234 ἢ
1109 4165 1151 4218 21.
1172 4165 1207 4219 22
1226 4180 1306 4234 prae·
1417 4166 1432 4197 ¹⁴

234 4250 316 4303 staret
335 4268 352 4300 a
385 4251 394 4316 l
426 4249 460 4303 23
479 4251 573 4318 genabi
592 4269 622 4320 rc;
641 4252 772 4322 genauifl
803 4254 811 4320 l:
843 4256 982 4322 parentare
1005 4253 1095 4308 Olore.
