3218 4812
277 294 339 356 136
675 307 780 363 BELLI
799 309 941 364 GALLICI

246 471 413 538 scivitatis
439 476 545 534 motus
573 471 698 536 existat.
748 472 798 536 his
824 472 921 536 rebus
948 472 1141 552 constitutis,
1170 471 1255 553 quod
1283 489 1369 555 proc
1448 523 1451 532 .

275 578 438 661 explorato
463 578 599 642 habebat
621 578 842 662 Ambiorigem
870 577 991 662 proelio
1019 597 1085 642 non
1114 596 1182 642 esse
1211 583 1340 643 conten·

246 689 395 767 iturum,
419 685 543 767 reliqua
566 686 634 748 eius
658 685 791 749 consilia
807 686 912 748 animo
929 685 1210 767 circumspiciebat.
1250 689 1341 748 erant

274 790 415 875 Menapii
437 793 609 875 propinqui
631 791 822 856 Eburonum
836 792 970 873 finibus,
993 793 1155 875 perpetuis
1170 791 1340 876 paludibus

275 899 427 982 silvisque
450 900 575 980 muniti,
599 901 655 982 qui
677 901 735 963 uni
758 919 799 964 ex
824 899 927 963 Gallia
950 900 989 962 de
1012 917 1089 982 pace
1112 898 1151 960 ad
1174 896 1341 963 Caesarem

274 1005 395 1088 legatos
417 1024 595 1087 numquam
617 1007 778 1070 miserant.
818 1026 892 1070 cum
913 1006 963 1070 his
987 1023 1055 1069 esse
1074 1005 1247 1088 hospitium
1262 1006 1340 1068 Am-
1354 1026 1382 1069 ro

274 1113 390 1195 biorigi
422 1113 556 1190 sciebat3
588 1115 666 1176 item
693 1132 750 1196 per
776 1113 929 1177 Treveros
956 1114 1082 1176 venisse
1112 1112 1278 1176 Gemranis
1305 1113 1339 1174 in

247 1219 446 1286 samicitiam
470 1225 669 1303 cognoverat.
715 1221 793 1284 haec
815 1221 904 1303 prius
927 1220 975 1282 illi
999 1218 1191 1283 detrahenda
1219 1199 1346 1282 auxilia

275 1325 490 1408 existimabat,
523 1345 618 1409 quam
650 1329 756 1410 ipsum
786 1326 869 1391 bello
896 1326 1078 1408 lacesseret,
1108 1345 1149 1390 ne
1179 1325 1341 1409 desperata

275 1432 376 1496 salute
400 1437 455 1496 aut
478 1453 511 1498 se
534 1435 568 1496 in
591 1432 756 1516 Menapios
780 1433 909 1497 abderet
932 1437 988 1496 aut
1002 1452 1076 1498 cum
1090 1432 1341 1496 Transrhenanis

248 1539 426 1623 ccocgredi
458 1544 632 1622 cogeretur.
682 1540 743 1604 hoc
776 1541 855 1602 inito
888 1540 1021 1603 oonsilio
1053 1540 1153 1602 totius
1181 1541 1340 1604 exercitus
1354 1560 1382 1602 15

275 1647 502 1729 impedimenta
526 1647 566 1709 ad
588 1645 766 1710 Labienum
789 1648 824 1710 in
839 1646 990 1711 Treveros
1013 1647 1112 1710 mittit
1135 1646 1278 1728 duasque
1301 1646 1341 1709 ad

276 1771 351 1816 eum
373 1753 515 1836 legiones
538 1753 697 1836 proficisci
720 1753 823 1834 iubct3
851 1755 919 1836 ipse
943 1772 1017 1816 oum
1041 1752 1221 1836 legionibus
1245 1772 1341 1836 expe-

248 1859 350 1928 rditis
373 1859 404 1920 V
427 1860 462 1922 in
485 1859 649 1942 Menapios
671 1859 891 1943 proficiscitur.
930 1860 978 1923 illi
1000 1860 1091 1923 nulla
1113 1865 1222 1923 coacta
1243 1878 1342 1924 manu

274 1966 337 2029 loci
359 1966 517 2049 praesidio
540 1965 614 2030 freti
636 1968 669 2029 in
686 1966 782 2030 silvas
797 1966 994 2050 paludesque
1010 1967 1198 2050 confugiunt
1220 1985 1342 2047 suaque

238 2073 387 2146 eaodem
416 2073 591 2136 conferunt.
643 2073 758 2137 Caesar
789 2075 912 2156 partitis
944 2075 1043 2156 copiis
1076 2093 1149 2136 cum
1183 2071 1215 2135 O.
1242 2071 1367 2136 Fabior

275 2179 376 2262 legato
401 2184 433 2243 et
455 2179 496 2242 M.
522 2178 632 2244 Crasso
662 2186 830 2263 quaestore
857 2180 1064 2262 celeriterque
1091 2180 1210 2244 effectis
1237 2179 1341 2263 ponti-

275 2286 335 2350 bus
367 2287 434 2350 adit
467 2287 637 2369 tripertito,
672 2284 817 2350 aedificia
848 2287 1000 2368 vicosque
1032 2287 1188 2370 incendit,
1225 2305 1340 2369 magno

247 2395 397 2477 2pecoris
430 2398 524 2476 atque
556 2393 723 2456 hominum
756 2413 890 2458 numero
923 2395 1050 2476 potitur.
1102 2393 1220 2476 quibus
1246 2393 1342 2456 rebus

275 2501 375 2564 coacti
398 2499 539 2583 Menapii
561 2500 682 2583 legatos
705 2500 743 2562 ad
769 2519 842 2564 eum
864 2501 951 2583 pacis
974 2500 1130 2583 petendae
1153 2519 1249 2564 causa
1270 2501 1370 2563 mit-o

247 2611 356 2674 stunt.
401 2607 456 2670 ille
485 2606 650 2670 obsidibus
679 2607 814 2689 acceptis
841 2607 981 2670 hostium
1008 2626 1042 2670 se
1070 2606 1255 2670 habiturum
1282 2626 1342 2669 nu-

275 2732 363 2777 mero
380 2712 558 2797 confirmat,
582 2715 610 2777 si
629 2718 684 2778 aut
699 2713 919 2797 Ambiorigem
935 2718 990 2777 aut
1005 2715 1075 2778 eius
1089 2713 1209 2796 legatos
1223 2712 1342 2778 finibus

248 2821 343 2888 isuis
371 2822 570 2904 recepissent.
623 2821 671 2883 his
699 2821 893 2884 confirmatis
920 2821 1016 2884 rebus
1045 2819 1221 2884 Commium
1249 2822 1342 2884 Atre-

275 2926 381 2990 batem
403 2947 478 2990 cum
502 2928 646 3010 equitatu
670 2928 812 2992 custodis
839 2928 909 2990 loco
933 2929 968 2990 in
990 2926 1147 3010 Menapiis
1175 2927 1341 3009 relinquit;

275 3034 343 3117 ipse
366 3034 401 3096 in
423 3033 574 3098 Treveros
598 3032 815 3116 proficiscitur.
1097 3050 1100 3054 ·
1355 3052 1384 3094 10

241 3161 256 3214 r
365 3137 451 3203 Dum
474 3140 552 3204 haec
575 3160 594 3202 a
610 3139 742 3204 Caesare
759 3145 925 3224 geruntur,
941 3141 1069 3205 Treveri
1085 3142 1209 3224 magnis
1225 3143 1342 3204 coactis
1356 3160 1369 3202 1

276 3247 435 3331 peditatus
459 3247 685 3329 equitatusque
709 3249 810 3330 copiis
832 3246 1009 3311 Labienum
1030 3267 1103 3311 cum
1126 3267 1191 3310 uua
1208 3248 1342 3331 legione,

251 3380 263 3422 2
279 3373 360 3434 quae
383 3355 419 3416 in
435 3373 547 3418 eorum
562 3352 680 3417 finibus
695 3354 868 3437 hiemabat,
892 3355 1010 3418 adoriri
1024 3354 1191 3438 parabant,
1214 3355 1343 3437 iamque

278 3460 316 3524 ab
341 3480 378 3524 eo
401 3481 466 3524 non
489 3460 618 3544 longius
640 3459 733 3524 bidui
757 3463 809 3523 via
836 3460 980 3544 aberant,
1009 3480 1083 3524 curn
1111 3461 1189 3525 duas
1218 3462 1343 3525 venisse

366 3692 391 3746 6.
412 3693 427 3744 7
447 3694 659 3746 concertaturum
674 3709 706 3761 χ;
726 3693 938 3746 concertaturum
956 3694 1126 3761 tenturumq
1163 3687 1171 3761 ll
1209 3691 1240 3742 11
1260 3688 1342 3742 treni-

276 3787 354 3846 rosp
394 3779 403 3849 ll
443 3796 582 3849 germanos
602 3800 619 3832 α
660 3779 668 3851 Η
710 3782 743 3832 14
764 3781 934 3849 ωοηαρίίεβ
975 3779 983 3850 Π
1025 3781 1058 3835 16
1076 3779 1188 3833 treuiros
1205 3785 1234 3845 βς
1257 3808 1292 3818 -
1315 3777 1343 3830 in

277 3869 351 3922 Trev.
365 3869 414 3922 dcl.
430 3869 613 3936 Sohambach3
625 3869 653 3922 in
666 3869 765 3922 Remos
782 3869 885 3924 Closer.
923 3867 931 3940 Η
969 3870 1010 3924 16.
1025 3872 1057 3922 17
1070 3869 1187 3937 legiones
1200 3867 1233 3920 ad
1246 3883 1307 3919 oum
1321 3885 1343 3936 φ

366 3959 394 4014 6.
414 3957 430 4011 2
448 3958 535 4026 legato
554 3965 642 4025 coast
678 3956 687 4028 Η
724 3957 844 4011 celeriter
861 3959 991 4025 effectisfl
1026 3957 1035 4029 ΙΙ
1072 3957 1171 4010 3adiit
1190 3975 1207 4008 u
1243 3954 1251 4026 Η
1288 3957 1342 4011 6.7

278 4063 307 4101 se
326 4064 436 4101 numero
455 4047 494 4116 (in
512 4064 584 4100 num.
605 4047 638 4110 π)
657 4046 809 4100 habiturum
826 4054 844 4113 β
880 4045 887 4117 Η
926 4047 959 4102 10
977 4047 1090 4100 treuiros
1108 4052 1125 4112 β

368 4138 396 4192 i.
417 4139 430 4189 1
451 4136 544 4190 treuiri
563 4135 651 4204 obsti)
684 4138 693 4202 ll
725 4137 851 4189 3eorum
869 4135 908 4203 X,
932 4135 1076 4189 Remorum
1100 4134 1203 4188 Olaocr.
1241 4139 1250 4204 {l
1286 4134 1343 4188 hie·

278 4228 398 4280 mauerat
416 4245 433 4277 α
466 4226 475 4295 {t
506 4225 587 4278 4uia
605 4225 712 4292 biduifl
