3126 4968
242 281 288 325 XII
610 275 751 319 NOTARUM
764 275 937 319 EXPLIGATIO

242 456 260 488 α
278 463 312 480 =
332 437 492 506 archetypus
512 436 634 490 codicum
652 436 792 502 AQBMS.

241 532 311 592 βπ·
403 567 415 591 n
563 567 575 594 n
654 525 727 592 askl·

243 632 265 666 π
284 640 318 659 --
337 615 422 668 codex
438 613 496 682 ille,
516 631 551 668 ox
569 631 622 683 quo
641 615 768 683 originem
787 614 889 668 ducunt
906 631 925 668 c
943 613 1008 681 ets.

830 743 842 768 „
904 703 958 768 h„
989 702 1006 755 l.

829 831 842 857 π
903 791 940 852 Β,
960 791 1001 858 Μ,
1022 791 1050 844 S.

831 922 843 949 „
904 880 976 934 Aet
999 879 1028 945 Q.

241 969 287 1038 131,
306 969 336 1022 Μ
355 969 487 1038 significat
505 969 604 1037 primae
623 985 720 1022 manus
738 969 905 1038 scripturam.

240 1057 286 1128 13²,
304 1057 335 1110 W
353 1057 485 1126 significat
499 1058 633 1122 ¹secundae
652 1073 748 1112 manns
766 1058 931 1126 scripturam.

241 1147 290 1216 13¹,
308 1147 340 1201 k*
358 1147 488 1216 significat
505 1147 532 1200 id
551 1147 621 1215 quod
640 1146 725 1215 prima
742 1163 823 1201 manu
841 1147 970 1215 scriptum
988 1147 1039 1200 fuit
1061 1147 1118 1215 (ubi
1135 1147 1207 1201 idem
1224 1147 1307 1202 libra·

311 1237 368 1289 rius
386 1235 486 1306 aliquid
504 1236 638 1304 mutavit).

240 1324 290 1395 Bb,
309 1324 341 1378 lib
360 1325 491 1394 significat
507 1325 536 1378 id
554 1326 623 1394 quod
642 1325 743 1393 primae
761 1341 855 1379 manus
874 1325 1030 1379 correctioni
1049 1325 1166 1379 debetur.

240 1413 298 1481 Bm,
317 1414 356 1468 ΙΨ
374 1414 506 1484 significat
523 1414 551 1466 id
570 1414 641 1482 quod
658 1414 685 1466 in
704 1414 822 1484 marm'ne
837 1414 886 1483 (m.
898 1415 925 1483 2)
944 1415 1075 1483 scriptum
1094 1416 1143 1468 est.

242 1503 277 1572 []
297 1503 354 1558 eius
372 1503 445 1557 modi
462 1503 539 1557 uncis
557 1503 654 1557 inclusi
674 1519 741 1570 quae
760 1502 850 1572 spuria
867 1503 1000 1557 videntur.

243 1591 330 1662 <>„
399 1633 410 1660 „
497 1633 509 1660 π
595 1633 607 1660 „
701 1632 714 1658 „
757 1593 785 1644 in
804 1592 937 1646 codicibus
957 1591 1009 1661 (X)
1029 1592 1133 1646 dosunt

241 1857 305 1910 HM
318 1883 352 1902 =
370 1857 405 1911 H.
425 1857 535 1912 Meusel.

225 1933 315 2014 'RMp
334 1972 366 1990 =
387 1946 418 1999 R.
439 1946 541 2016 Menge.
729 1994 731 1998 ,

241 2035 351 2088 RSchra.
372 2061 403 2078 =
424 2035 455 2088 R.
476 2035 627 2090 Schneider.

242 2123 315 2189 Quae
337 2123 475 2177 HJMiiller
493 2127 520 2178 et
540 2125 581 2177 W.
601 2123 669 2178 Paul
688 2140 736 2192 per
748 2124 850 2178 litteras
863 2141 968 2178 mecum
983 2124 1258 2193 communicaverunt,
1277 2141 1310 2178 ea

314 2212 420 2267 stellula
438 2213 473 2282 (*)
492 2213 608 2267 auctoris
627 2213 727 2266 nomini
744 2213 862 2282 praefixa
879 2213 1012 2282 insignivi.

242 2299 352 2370 Reliqua
368 2317 417 2370 per
435 2317 464 2354 se
482 2301 623 2370 perspicua
641 2317 700 2356 esse
719 2302 809 2369 cred03
832 2302 980 2356 accuratius
1003 2302 1137 2371 disputavi
1160 2303 1193 2356 de
1215 2302 1258 2355 his
1280 2303 1308 2356 iu

314 2389 476 2458 praefatione
499 2390 643 2444 voluminis
660 2391 697 2445 Π.
720 2390 812 2444 Lexici
831 2390 980 2446 Caesariani
1005 2391 1060 2460 (vel
1083 2391 1109 2444 in
1136 2392 1218 2460 praef.
1240 2391 1309 2446 Con-

313 2479 474 2533 iecturarum
494 2473 730 2549 caesarianorum).
