3126 4968
607 317 770 364 PRAEFATIO
1205 325 1252 369 Vll

219 486 409 562 Propositum
425 490 527 546 autem
542 486 616 544 mihi
633 486 690 546 fuit
705 487 879 563 exprimere
892 487 923 544 in
943 487 999 546 hac
1015 486 1142 546 editione
1163 505 1251 563 quae

129 593 259 652 cumque
282 575 319 633 ad
343 575 477 635 Caesaris
500 577 588 635 rerba
609 575 791 635 restituenda
812 575 882 634 usui
898 593 964 635 esse
980 582 1108 652 possent.
1146 575 1252 652 Itaque

129 665 370 742 quibuscumque
392 664 466 724 locis
488 663 575 724 inter·
589 682 621 724 se
644 665 825 724 dissentiunt
848 665 907 723 duo
926 664 979 722 illa
1001 665 1144 724 librorum
1160 683 1251 722 manu

131 753 311 829 scriptorum
334 771 453 828 genera,
478 773 500 812 8
522 760 553 812 81
574 753 608 830 β,
631 754 669 812 118
685 759 820 814 accurate
840 751 967 812 iudicavi
990 753 1062 829 quid
1078 754 1110 811 in
1126 759 1252 830 utroque
1275 751 1299 769 ’·

131 847 222 902 extet.
269 843 368 918 Atque
390 843 479 901 etiam
502 860 634 919 eaquae
657 841 793 918 singulae
815 841 941 901 duorum
967 841 1086 901 illorum
1109 860 1252 918 generum

129 937 229 1008 partes
252 930 412 1006 peculiaria
434 931 543 990 habent
566 932 803 1002 commemoravi,
827 931 853 990 si
876 936 928 990 aut
949 949 1018 989 vera
1040 936 1110 989 sunt
1131 937 1183 990 aut
1199 949 1253 1008 per

130 1037 162 1079 se
185 1037 247 1079 non
269 1020 462 1095 improbanda
484 1021 629 1080 videntur.
675 1020 732 1079 Ubi
748 1025 848 1097 aperte
867 1020 942 1079 falsa
958 1024 1036 1078 'sunt
1052 1037 1128 1096 quae
1149 1019 1181 1078 in
1204 1037 1252 1079 co-

130 1109 247 1168 dicibus
261 1109 465 1183 inveniuntur,
484 1109 583 1185 recepi
597 1109 727 1168 virorum
740 1111 890 1169 doctorum
907 1107 1102 1182 coniecturas,
1126 1127 1251 1186 quarum

129 1216 219 1275 quem
242 1196 371 1273 primum
394 1197 533 1272 indagare
556 1199 640 1274 potui
663 1205 824 1270 auctorem,
847 1199 1039 1257 eiusnomen
1058 1197 1252 1274 inapparatu

129 1287 232 1346 critico
256 1285 349 1362 posui.
396 1285 456 1346 Sed
478 1287 567 1346 etiam
591 1305 659 1346 cum
682 1287 746 1346 iure
769 1287 896 1346 dubitari
919 1286 1037 1345 videtur
1059 1287 1096 1345 de
1117 1285 1252 1345 codicum

130 1375 296 1452 scripturae
310 1375 446 1450 veritate,
465 1376 618 1434 homiuum
631 1377 784 1434 doctorum
800 1375 995 1448 coniecturas,
1015 1392 1089 1452 quas
1103 1382 1155 1434 aut
1165 1393 1252 1434 veras

130 1469 182 1524 aut
200 1482 260 1522 non
278 1464 485 1540 improbandas
503 1464 682 1538 iudicabam,
701 1465 795 1524 attuli.
829 1463 923 1524 Omisi
937 1473 1044 1523 'omnes
1066 1464 1252 1540 singulorum

130 1552 318 1612 librariorum
338 1571 462 1627 errores,
481 1553 568 1612 omisi
587 1555 674 1612 etiam
693 1560 795 1630 aperta
813 1553 948 1613 binorum
965 1560 1152 1612 ternorumve
1173 1553 1252 1612 eius-

132 1642 200 1700 dem
225 1641 338 1716 generis
361 1641 504 1701 librorum
527 1643 646 1716 menda,
675 1643 761 1702 omisi
786 1644 848 1702 fere
871 1642 969 1701 omnia
991 1659 1066 1719 quae
1094 1643 1131 1700 ad
1154 1643 1251 1701 ortho-

132 1729 283 1806 graphiam
307 1731 468 1806 pertinent,
491 1736 526 1790 ut
542 1731 785 1791 assimilationem
804 1729 1067 1808 praepositionum,
1091 1749 1150 1789 non
1173 1748 1251 1790 oom-

131 1820 291 1878 memoravi
327 1819 359 1877 iu
392 1819 497 1896 prioris
533 1819 650 1896 generis
682 1820 725 1899 (α)
758 1820 908 1880 codicibus
941 1826 970 1878 ct
1000 1821 1190 1896 praenomina
1222 1825 1251 1878 et

129 1908 295 1966 numeralia
309 1919 425 1985 semper
439 1909 501 1968 fere
515 1909 602 1985 plene
616 1927 682 1968 esse
696 1909 806 1985 scripta
824 1909 944 1983 (lucius,
964 1909 1096 1985 publius,
1111 1909 1252 1986 quinque,

130 1996 289 2073 decimus),
321 1996 353 2054 iu
384 1997 477 2056 altero
505 1997 546 2075 (β)
576 1998 678 2057 eadem
706 1998 800 2057 solere
827 1997 921 2058 notari
949 1998 1001 2073 (.l.,
1025 2017 1075 2074 .p.,
1100 1997 1159 2072 ‚V.,
1184 1997 1249 2076 .X.).

131 2085 207 2144 Item
230 2086 406 2162 plerumque
429 2105 489 2146 non
511 2086 638 2146 iudicavi
662 2087 688 2146 81
711 2087 783 2164 quid
797 2087 830 2145 in
844 2086 993 2146 codicibus
1009 2087 1138 2146 secunda
1161 2091 1251 2146 manu

130 2179 278 2234 mutatum
298 2180 351 2234 est.
388 2174 429 2233 Ut
447 2175 593 2252 exemplis
616 2176 764 2235 illustrem
786 2194 821 2234 ea
844 2193 919 2252 quae
937 2174 1023 2235 modo
1044 2174 1119 2249 dixi,
1144 2175 1251 2252 scripsi

131 2261 227 2341 (libro)
250 2263 298 2322 ΠΙ
322 2263 406 2341 (cap.)
425 2267 473 2338 11,
498 2264 607 2341 (versu)
630 2267 666 2323 11
689 2265 720 2323 in
734 2271 819 2324 textu
838 2264 1048 2340 Leocraosqua,
1073 2265 1150 2341 quod
1169 2269 1251 2324 extat

129 2352 163 2410 in
185 2353 218 2429 β,
245 2352 279 2410 in
306 2358 448 2430 apparatu
476 2354 577 2412 critico
606 2353 785 2430 188οὸ188888
812 2373 846 2430 α,
875 2353 903 2410 V
920 2355 1002 2427 12,1
1032 2353 1064 2411 in
1092 2371 1157 2429 app.
1186 2355 1250 2413 crit.

129 2441 257 2518 inferior
279 2441 313 2517 β,
336 2443 415 2500 unde
439 2447 519 2518 patet
542 2443 621 2519 quod
643 2444 675 2500 in
698 2448 785 2502 textu
806 2443 952 2519 reperitur
978 2442 1102 2500 interior
1129 2460 1195 2501 esse
1218 2442 1251 2500 in'

130 2549 165 2606 c;
189 2530 269 2607 quod
292 2529 443 2604 V51,12
472 2531 503 2588 in
526 2530 623 2591 adnot.
653 2533 797 2608 scriptum
824 2536 871 2590 est
893 2531 944 2590 dat
966 2531 1061 2590 hostes
1087 2532 1122 2589 18
1144 2532 1266 2606 fugam.

129 2619 151 2694 β
177 2619 290 2678 iudicat
317 2637 382 2678 eam
408 2621 565 2679 verborum
587 2621 816 2680 conlocationem
844 2639 919 2698 quae
947 2621 978 2678 in
1001 2626 1086 2679 textu
1109 2627 1252 2697 expressa

130 2713 178 2767 est
199 2708 296 2766 bosius
319 2708 354 2766 18
376 2707 481 2783 fugam
504 2709 554 2767 dut
575 2709 702 2768 inveniri
724 2709 757 2767 in
780 2729 809 2770 α.
856 2709 888 2769 Si
910 2709 962 2786 qui
985 2709 1251 2786 88181818881811

131 2796 190 2874 (rel
209 2797 255 2872 ’81
269 2797 416 2857 consentit
438 2815 505 2857 cum
530 2799 680 2858 codicibus
702 2798 824 2857 alterius
847 2797 965 2872 classis,
993 2797 1025 2855 id
1047 2797 1184 2873 religiose
1206 2799 1251 2856 in-

130 2885 239 2960 dicavi,
267 2890 302 2944 ut
328 2886 466 2958 14811
496 2886 581 2945 118118
608 2888 652 2962 af,
680 2887 797 2946 11811888
823 2887 846 2964 β
873 2886 922 2965 (=
947 2886 1020 2963 abl),
1047 2887 1096 2946 vel
1119 2882 1249 2961 V39,9

131 2975 263 3033 81881881
288 2974 340 3052 Sti,
363 2974 505 3034 aduatuci
526 2995 548 3034 8
572 2976 621 3053 (--
641 2976 782 3053 AQBM).
830 2975 1074 3050 Commemoravi,
1098 2981 1132 3035 ut
1153 2976 1251 3050 debui,

131 3063 191 3137 17,
209 3066 226 3123 9
242 3081 286 3140 sq.
304 3063 540 3140 principatum,
562 3065 738 3140 princepum
765 3084 817 3146 αρ,
851 3065 921 3142 quia
948 3065 1026 3142 qu'od
1053 3065 1084 3122 iu
1112 3082 1142 3124 π
1169 3071 1252 3124 extat

130 3171 234 3212 verum
252 3157 311 3229 est;
331 3155 432 3211 eadem
452 3153 487 3212 de
506 3171 595 3212 causa
613 3153 657 3212 VI
675 3156 723 3228 13,
741 3153 1125 3230 marmaritanorum,
1145 3154 1251 3212 discer-

132 3246 209 3299 8881
232 3260 284 3319 αρ;
309 3242 361 3300 sed
375 3241 406 3300 Π
422 3244 450 3316 8,
466 3245 486 3301 4
493 3247 594 3319 posset
606 3243 716 3301 uirtute
729 3261 759 3302 π
778 3243 868 3322 (unde
884 3244 962 3319 quod
976 3243 1008 3300 in
1019 3249 1103 3301 textu
1119 3243 1251 3318 positum

131 3337 180 3389 est
200 3329 307 3388 uirtute
318 3335 417 3406 posset
435 3332 467 3388 in
485 3332 609 3408 reliquis
627 3331 789 3405 codicibus,
812 3333 831 3391 i.
846 3349 871 3390 e.
895 3333 927 3389 in
946 3351 998 3412 αρ,
1022 3332 1147 3390 inveniri
1163 3349 1249 3391 nemo

130 3437 190 3478 non
219 3417 308 3496 videt)
331 3420 440 3478 idcirco
463 3421 573 3494 addidi,
602 3421 679 3496 quod
703 3439 756 3497 per
780 3439 812 3480 88
835 3439 894 3480 non
916 3420 1107 3497 improbanda
1130 3426 1176 3478 881
1198 3420 1251 3478 illa

130 3509 287 3567 verborum
306 3507 483 3584 conlocatio,
498 3527 677 3586 quamquam
694 3517 790 3568 certas
808 3511 844 3569 ob
863 3527 967 3568 causas
988 3510 1020 3566 in
1040 3514 1155 3568 textum
1176 3509 1251 3568 reci-

131 3616 201 3672 pere
218 3615 278 3656 non
295 3597 380 3672 licet,
399 3597 471 3656 item
488 3597 520 3656 ΙΙ
535 3600 563 3672 8,
582 3601 598 3658 7
615 3598 720 3674 scripsi
728 3599 859 3675 paulum
876 3617 908 3678 ρ,
933 3599 1002 3675 quia
1012 3597 1141 3674 paulum
1155 3598 1252 3656 editus
1307 3589 1310 3593 ’

131 3705 189 3744 nou
212 3685 349 3744 abhorret
371 3705 388 3744 a
411 3686 544 3746 Caesaris
564 3704 710 3760 sermone,
733 3689 803 3746 licet
815 3687 978 3764 paululum
997 3687 1092 3746 editus
1112 3687 1251 3746 hocloco

131 3773 296 3834 necessario
312 3775 501 3834 scribendum
520 3775 559 3834 sit
577 3783 698 3852 propter
716 3795 894 3836 consensum
912 3776 1016 3836 classis
1032 3796 1053 3835 α
1072 3795 1140 3836 oum
1158 3777 1251 3835 altera

131 3869 214 3939 parte
239 3863 289 3941 (rc)
314 3864 447 3922 codicum
470 3863 576 3923 classis
598 3865 627 3940 β.
652 3897 693 3907 —-
719 3865 908 3924 Coniecturae
932 3867 1195 3942 quotienscumque
1218 3865 1249 3922 in

131 3958 245 4012 textum
269 3953 380 4028 recepi,
404 3971 505 4012 eorum
527 3954 647 4012 nomina
674 3953 822 4031 aquibus
845 3955 939 4013 iactae
968 3961 1038 4013 suut
1064 3954 1158 4031 primo
1186 3954 1251 4013 loco

131 4043 217 4117 posui
240 4041 272 4099 in
295 4057 361 4118 app.
386 4043 460 4114 crit,
484 4042 612 4102 secundo
636 4042 701 4100 loco
724 4042 808 4119 posui
828 4043 963 4102 codicum
980 4044 1164 4120 scripturam.
1202 4044 1249 4102 Ex

131 4131 245 4206 ingenti
259 4130 441 4206 reliquarum
454 4131 687 4190 coniecturarum
702 4149 825 4191 numero
843 4131 941 4207 delegi
960 4151 1008 4193 eas
1028 4151 1102 4211 quae
1121 4135 1251 4190 maxime

132 4219 205 4278 milri
228 4219 336 4294 dignae
360 4220 441 4278 visae
459 4226 529 4278 sunt
547 4220 827 4280 commemoratione.
865 4221 957 4280 Plura
974 4223 1005 4280 id
1024 4239 1118 4299 genus
1137 4222 1163 4280 si
1182 4222 1252 4298 quis
