3218 4812
612 383 719 437 LIBER
736 383 783 436 VI.
803 383 879 437 GAP.
900 383 982 438 1-5.
1270 367 1331 430 135

235 547 431 612 ahominnm
458 565 592 610 numero
620 551 711 630 capto
740 551 835 627 atque
864 566 902 610 ea
928 545 1046 628 praeda
1073 544 1229 608 militibus
1257 563 1332 608 oon-

265 673 353 718 cessa
376 655 568 735 vastatisque
592 654 676 737 agris
700 654 735 716 in
755 652 951 717 deditionem
966 654 1076 716 venire
1093 657 1187 734 atque
1204 649 1331 716 obsides

264 761 325 824 sibi
349 761 423 823 dare
446 762 556 843 coegit.
603 779 640 824 eo
665 759 808 824 celeriter
832 759 974 823 conlecto
1002 760 1130 842 negotio
1159 779 1270 822 rursus
1298 759 1359 824 ina

264 867 398 930 hiberna
419 868 561 950 legiones
583 866 720 930 reduxit.
768 866 904 930 concilio
922 865 1042 930 Gabios
1057 867 1160 949 primo
1184 885 1273 948 vere,
1298 871 1360 930 uto

265 974 458 1055 instituerat,
481 974 614 1055 indicto,
638 993 710 1036 cum
726 974 842 1056 reliqui
857 979 982 1056 praeter
997 971 1152 1056 Senones,
1177 971 1332 1036 Carnutes

223 1103 250 1144 ro
263 1080 479 1162 Treverosque
511 1081 687 1162 venissent,
723 1081 852 1143 initium
880 1079 956 1144 belli
989 1098 1025 1142 ac
1055 1079 1239 1143 defectionis
1273 1079 1331 1142 hoc

265 1205 333 1250 esse
357 1187 540 1270 arbitratus,
564 1191 600 1250 ut
622 1189 730 1251 omnia
752 1192 942 1270 postponere
962 1186 1136 1268 videretur,
1160 1185 1332 1250 concilium

264 1292 425 1357 Lutetiam
452 1293 648 1357 Parisiorum
676 1293 830 1357 transfert.
882 1291 1023 1356 confines
1051 1297 1140 1357 erant
1171 1292 1206 1355 hi
1234 1290 1359 1358 Seno-s

265 1400 360 1463 nibus
383 1401 606 1482 civitatemque
629 1407 756 1483 patrum
780 1402 934 1464 memoria
949 1401 1196 1481 coniunxerant,
1219 1399 1275 1463 sed
1291 1397 1330 1462 ab

265 1508 324 1570 hoc
347 1507 479 1571 consilio
504 1507 620 1571 afuisse
644 1507 919 1571 existimabantur.
967 1507 1026 1570 hac
1041 1525 1075 1570 re
1099 1525 1156 1590 pro
1180 1511 1358 1590 suggestus

223 1614 467 1696 repronuntiata
495 1614 606 1677 eodem
631 1615 682 1678 die
706 1633 778 1676 cum
803 1614 985 1696 legionibus
1012 1613 1045 1676 in
1068 1611 1210 1677 Senones
1238 1611 1331 1696 proli·

237 1721 394 1784 reiecitur
417 1722 606 1804 magnisque
634 1720 806 1784 itineribus
833 1739 870 1784 eo
899 1722 1052 1804 pervenit.
1100 1717 1233 1804 Cognito
1263 1721 1367 1792 eius4

214 1876 216 1880 .
264 1826 405 1891 adventu
428 1828 529 1909 Acco,
554 1831 610 1908 qui
632 1829 780 1911 princeps
804 1828 874 1891 eius
898 1828 1023 1891 consilii
1045 1828 1161 1909 fuerat,
1185 1826 1274 1890 iubet
1296 1827 1332 1888 in

264 1934 379 2016 oppida
402 1934 638 1998 multitudinem
667 1936 846 1998 convenire.
894 1934 1096 2015 conantibus,
1123 1935 1211 2017 prius
1237 1951 1331 2017 quom

263 2040 297 2102 id
329 2040 412 2104 effici
444 2045 563 2124 posset,
596 2042 705 2105 adesse
732 2041 894 2105 Romanos
926 2043 1101 2104 nuntiatur.
1152 2040 1359 2108 necessarior

234 2149 420 2210 asententia
448 2147 605 2212 desistunt
632 2148 818 2230 legatosque
847 2147 1037 2232 deprecandi
1062 2165 1159 2212 causa
1186 2147 1225 2209 ad
1254 2145 1331 2210 an-

263 2274 366 2317 sarem
390 2255 532 2335 mittunt3
563 2254 682 2318 adeunt
709 2274 766 2338 per
792 2253 958 2338 Haeduos,
988 2273 1125 2338 quorum
1154 2253 1331 2336 antiquitus

263 2366 331 2424 crat
354 2362 386 2423 in
410 2359 474 2424 fide
500 2363 618 2424 civitas.
670 2361 806 2425 libenter
834 2359 949 2426 Caesar
976 2360 1158 2445 petentibus
1186 2359 1359 2430 Haeduise

263 2467 317 2530 dat
339 2469 468 2531 veniam
491 2470 795 2551 excusationemque
819 2469 945 2552 accipit,
970 2468 1057 2552 quod
1081 2469 1238 2532 aestivum
1255 2473 1331 2532 tem·

262 2593 322 2656 pus
345 2575 494 2638 instantis
517 2574 606 2657 belli,
630 2595 696 2638 non
713 2576 909 2656 quaestionis
933 2593 1002 2639 osse
1019 2572 1237 2638 arbitrabatur.
1278 2573 1358 2642 ota-i

222 2701 250 2743 10
263 2680 384 2744 sidibus
408 2682 569 2764 imperatis
593 2680 616 2743 O
640 2682 698 2745 hos
720 2680 863 2745 Haeduis
887 2680 1111 2746 custodiendos
1135 2680 1236 2744 tradit.
1279 2699 1358 2751 eos

264 2788 337 2852 dem
361 2786 514 2851 Oamutes
542 2788 662 2871 legatos
691 2787 881 2871 obsidesque
910 2790 1041 2852 mittunt
1068 2789 1119 2851 usi
1148 2787 1331 2871 deprecato·

262 2893 352 2958 ribus
383 2894 505 2977 Remis,
541 2914 678 2977 quorum
710 2899 800 2958 erant
828 2896 863 2957 in
890 2895 1049 2974 clientela3
1084 2894 1193 2958 eadem
1223 2895 1331 2958 ferunt

261 3019 421 3084 responsa.
472 3003 593 3084 peragit
625 3002 796 3065 concilium
831 3000 945 3066 Caesar
975 3003 1164 3087 equitesque
1196 3002 1357 3086 imperate

262 3106 452 3170 civitatibus.
505 3109 508 3115 '

235 3235 248 3275 1
351 3214 421 3277 Hac
448 3220 535 3297 parte
564 3215 684 3279 Galliae
712 3221 822 3299 pacata
849 3221 934 3280 totus
967 3219 999 3280 ct
1025 3222 1131 3281 mente
1164 3221 1196 3280 et
1223 3217 1366 3286 animos

262 3322 296 3382 in
319 3319 440 3384 bellum
462 3322 671 3385 Treverorum
695 3326 727 3386 et
750 3323 946 3407 Ambiorigis
969 3325 1094 3387 insistit.
1135 3323 1357 3390 Cavarinumr

262 3446 336 3490 cum
356 3429 500 3510 equitatu
528 3426 691 3492 Senonum
722 3449 831 3494 secum
859 3429 1017 3513 proficisci
1049 3430 1150 3511 iubet,
1183 3447 1223 3493 ne
1256 3430 1329 3512 quis

262 3539 318 3596 aut
350 3553 390 3596 ex
423 3535 518 3598 huius
546 3534 709 3598 iracundia
737 3540 792 3599 aut
819 3555 860 3600 ex
889 3556 925 3600 eo
955 3537 1042 3619 quod
1069 3541 1229 3600 memerat
1256 3535 1329 3598 odio

350 3764 379 3819 3.
398 3764 415 3818 8
433 3763 508 3830 ntia
548 3763 551 3779 '
587 3763 736 3818 ilsenouas
755 3767 782 3818 et
800 3767 958 3832 camutasfl
993 3764 1002 3835 13
1044 3763 1078 3819 10
1095 3765 1263 3834 trebirosque
1281 3771 1299 3832 β
1320 3765 1328 3836 l

263 3852 297 3906 12
315 3852 440 3906 luteciam
464 3871 493 3920 a3
516 3851 640 3906 lucetiam
665 3852 735 3920 Sb's
766 3853 773 3889 '²
817 3855 850 3906 14
872 3853 1022 3920 οοιιοῠίοβ
1062 3853 1070 3924 ff
1113 3855 1146 3908 15
1170 3869 1282 3909 senonas
1307 3873 1327 3907 n

350 3941 659 4008 4.2accofi;aeicoa
695 3941 698 3953 '
740 3943 1000 4010 3etconantibusfl
1036 3943 1044 4014 l
1081 3941 1327 4011 badenntAO'd3

261 4032 374 4084 adeum
395 4051 413 4082 α
458 4029 461 4098 2
502 4029 680 4084 9arbitrstnr
698 4049 716 4082 u
763 4032 765 4041 '
808 4033 838 4084 ll
860 4037 980 4086 carnotas
999 4051 1022 4085 π
1062 4033 1070 4102 ξξ
1113 4032 1147 4086 12
1169 4033 1327 4103 inquorum

260 4122 338 4174 erant
355 4118 511 4186 clientelafl

350 4207 654 4274 §.illacmtca
772 4208 1007 4278 2treuirornmp
1063 4211 1069 4249 ¹
1122 4211 1329 4280 3.4quieex

261 4298 376 4365 huinsp

1234 4506 1301 4571 Α

1403 4093 1605 4258 ι,
