3126 4968
295 315 337 378 20
694 330 802 386 BllLLI
820 331 961 388 GALLICI

294 513 346 558 ros
368 513 475 577 neque
498 499 715 575 recusaturos,
744 513 808 578 quc
835 496 944 559 minus
968 499 1122 578 perpetuo
1147 494 1207 558 sub
1233 495 1363 559 illorum

267 601 421 667 edicione
440 606 535 684 etque
554 603 689 685 imperio
709 607 822 665 essent.
855 621 957 666 unmn
975 620 1010 665 se
1028 621 1098 666 esse
1118 621 1160 665 ex
1179 603 1266 666 omni
1284 603 1362 666 civi-

293 713 357 772 tate
380 707 602 790 Haeduorum,
626 709 682 791 qui
705 708 823 772 adduci
845 727 913 772 non
928 710 1080 792 potuerit,
1103 715 1140 772 ut
1163 709 1283 773 iuraret
1308 715 1364 773 aut

267 814 410 880 oliberes
435 833 511 878 suos
539 815 666 879 obsides
694 815 790 879 daret.
838 814 878 878 ob
907 834 977 879 eam
1005 833 1072 878 rem
1101 835 1135 880 se
1163 834 1205 880 ex
1233 816 1362 880 civitate

294 922 472 1006 profugisse
495 927 527 985 et
544 920 680 986 Romam
703 923 743 985 ad
764 927 911 986 senatum
930 923 1058 985 venisse
1077 922 1236 986 auxilium
1253 929 1362 1007 postu·
1376 947 1404 990 ao

294 1029 407 1110 latum,
441 1029 528 1112 quod
555 1029 642 1092 solus
669 1047 774 1112 neque
802 1028 1035 1092 iureiurando
1064 1047 1168 1111 neque
1197 1029 1363 1094 obsidibus

254 1160 281 1203 ιο
296 1141 464 1200 teneretur.
511 1136 566 1199 sed
594 1137 686 1219 peius
714 1135 889 1200 victoribus
913 1135 1068 1219 Sequanis
1098 1155 1193 1217 quem
1218 1136 1363 1200 Haeduis

294 1243 388 1306 victis
411 1243 578 1324 accidisse,
600 1250 766 1327 propterea
786 1243 872 1325 quod
891 1243 1086 1324 Ariovistus,
1111 1262 1170 1306 rex
1190 1242 1363 1307 Germano·

294 1370 377 1433 rum,
401 1351 435 1413 iu
459 1369 570 1413 eorum
588 1349 706 1413 finibus
726 1349 922 1415 consedisset
941 1352 1131 1433 tertiamque
1150 1355 1272 1433 partem
1296 1351 1363 1435 agri

294 1454 450 1538 Sequani,
474 1457 632 1538 quiesset
654 1458 793 1539 optimus
816 1457 915 1520 totius
932 1456 1066 1538 Galliae,
1090 1459 1309 1540 occupavisset
1332 1462 1403 1522 etse

293 1581 382 1627 nunc
415 1565 455 1628 de
484 1563 582 1627 altera
610 1567 699 1646 parte
727 1565 820 1627 tertia
848 1562 1013 1647 Sequanos
1046 1564 1199 1628 decedere
1231 1563 1363 1646 iuberet

293 1675 461 1754 propterea
484 1670 569 1752 quod
593 1672 703 1753 paucis
726 1670 890 1734 mensibus
914 1678 987 1734 ante
1006 1670 1177 1734 Harudum
1200 1672 1289 1734 milia
1307 1671 1363 1735 ho-

294 1779 419 1841 minum
439 1777 574 1841 XXIIII
597 1776 638 1840 ad
662 1779 735 1840 eum
760 1778 935 1860 venissent,
961 1778 1078 1861 quibus
1102 1779 1191 1842 locus
1215 1798 1251 1842 ac
1272 1778 1363 1842 sedes

229 1907 280 1980 ,ιι
294 1889 490 1968 pacarentur.
528 1885 672 1947 futurum
691 1875 759 1948 es'se
777 1886 888 1968 paucis
907 1886 1012 1966 auuls,
1036 1887 1083 1948 uti
1103 1904 1213 1949 omnes
1232 1905 1273 1949 ex
1291 1885 1363 1948 Gal-

295 1992 355 2054 liae
386 1990 505 2056 finibus
536 1991 729 2076 pellerentur
761 1996 856 2074 etque
890 2010 1000 2055 omnes
1034 1990 1186 2055 Germani
1213 1991 1404 2056 Rhenumro

295 2100 477 2178 transirent3
507 2118 611 2180 neque
640 2099 725 2162 enim
751 2099 978 2162 conferendum
1008 2118 1025 2163 e
1060 2119 1076 2162 e
1102 2099 1261 2163 Gallicum
1289 2118 1362 2162 cum

296 2203 526 2270 Germanorum
547 2225 623 2288 agro
645 2225 748 2288 neque
769 2188 852 2268 han‘c
873 2118 1136 2269 οοῡῑῶὓίηθη]
1160 2207 1265 2269 rietus
1288 2225 1362 2268 cum

254 2332 281 2374 12
294 2311 350 2374 illa
378 2313 631 2396 comparandam.
681 2313 883 2376 Ariovistum
911 2317 1030 2393 autem,
1061 2317 1098 2375 ut
1130 2313 1229 2376 semel
1257 2312 1362 2375 Gallo-

294 2438 366 2480 rum
390 2420 496 2501 copias
522 2420 641 2502 proelio
666 2421 790 2501 vicerit,
820 2419 906 2500 quod
931 2419 1089 2503 proelium
1117 2420 1234 2482 factum
1258 2421 1299 2483 sit
1323 2419 1363 2482 ad

295 2523 556 2608 Magetobrigam‚
593 2526 729 2609 superbe
763 2531 796 2589 et
823 2526 995 2590 crudeliter
1028 2528 1198 2609 imperare,
1236 2525 1362 2590 obsides
1376 2547 1402 2588 45

295 2631 485 2695 nobilissimi
522 2633 680 2715 cuiusque
711 2632 830 2696 liberos
867 2652 998 2715 poscere
1036 2639 1066 2695 et
1103 2634 1136 2695 in
1170 2652 1223 2696 eos
1257 2635 1363 2696 omnia

296 2739 442 2822 exempla
468 2741 691 2822 cruciatusque
720 2739 827 2822 edere,
860 2741 888 2803 si
917 2759 980 2822 qua
1009 2758 1059 2802 res
1087 2759 1151 2802 non
1179 2740 1218 2802 ad
1247 2745 1363 2802 nutum

255 2866 281 2906 re
295 2851 350 2908 aut
382 2846 422 2908 ed
453 2847 651 2910 voluntatem
683 2847 753 2910 eius
782 2847 864 2910 facta
893 2848 942 2910 slt.
994 2847 1158 2908 hominem
1190 2865 1257 2910 esse
1291 2846 1362 2908 bar·

294 2952 419 3035 barum,
448 2953 650 3037 iracundum,
679 2955 895 3016 temerarium:
924 2973 989 3016 non
1014 2972 1108 3036 posse
1133 2953 1203 3016 eius
1227 2953 1363 3035 imperia

255 3081 281 3120 14
294 3058 415 3121 diutius
444 3061 601 3124 sustineri.
652 3062 714 3123 nisi
748 3060 825 3141 quid
857 3061 890 3122 in
920 3058 1054 3123 Caesare
1089 3059 1270 3142 populoque
1298 3059 1362 3122 Ro·
1376 3080 1403 3122 so

295 3184 387 3228 mano
416 3167 457 3228 sit
489 3167 614 3247 auxilii,
647 3166 797 3229 omnibus
826 3166 925 3228 Gallis
958 3166 1043 3229 idem
1072 3185 1141 3229 esse
1170 3166 1361 3247 faciendum,

295 3273 381 3354 quod
404 3271 546 3334 Helvetii
568 3272 713 3353 fecerint,
743 3278 778 3334 ut
803 3262 905 3335 dorno”
922 3275 1090 3356 emigrent,
1119 3272 1206 3337 aliud
1230 3272 1362 3336 domici-

294 3381 386 3461 lium,
411 3379 489 3441 alias
512 3378 618 3458 sedes,
645 3384 782 3442 remotas
806 3398 824 3440 a
848 3379 1026 3462 Gemianis,
1054 3386 1163 3464 petant
1185 3380 1361 3443 fortunam-

254 3511 280 3551 15
295 3503 371 3567 que,
397 3504 619 3567 quaecumque
643 3485 775 3567 accidat,
800 3486 1011 3569 experiantur.
1051 3488 1128 3550 haec
1152 3489 1178 3550 si
1198 3489 1362 3550 enuntiata

293 3592 458 3656 ArIovisto
483 3589 558 3674 sint,
582 3611 646 3655 non
671 3592 830 3674 dubitare,
855 3593 935 3676 quin
959 3592 997 3656 de
1017 3593 1165 3656 omnibus
1185 3593 1360 3677 obsidibus,
1375 3613 1401 3656 oo

254 3699 351 3779 requi
375 3699 459 3782 apud
483 3719 557 3762 eum
581 3700 656 3780 sint,
679 3700 906 3782 gravissimum
925 3701 1116 3784 supplicium
1135 3707 1248 3762 sumat.
1286 3699 1360 3762 an-

383 3893 425 3945 37.
446 3891 481 3945 38
499 3892 638 3944 hominum
656 3893 705 3945 dol.
722 3893 810 3946 (Hace.
846 3894 853 3961 ll
886 3895 920 3948 38
939 3895 1075 3946 uenissent
1094 3894 1127 3946 ad
1143 3909 1235 3961 eumq
1276 3897 1284 3958 ll
1325 3894 1360 3946 43

294 3981 444 4034 Ariouistus
463 3980 510 4046 Md
546 3980 554 4047 ll
590 3981 633 4034 44,
652 3983 687 4036 45
711 3983 745 4035 ad
763 3981 972 4052 Magetobrigam
995 3983 1092 4044 (illectu
1117 3982 1149 4034 ad
1168 3982 1360 4050 magetobriam

294 4069 358 4136 fele
374 4087 444 4136 ros.;
473 4069 685 4139 admagctobrige
704 4089 736 4140 χ;
758 4071 969 4140 admagetobriae
993 4072 1073 4141 φαίρ)
1121 4073 1129 4139 ll
1175 4072 1210 4125 50
1234 4071 1360 4124 sustineri

296 4157 365 4226 SB²3
389 4160 518 4212 sustinere
537 4160 595 4212 rell.
629 4159 637 4228 ll
669 4160 721 4213 nisi
740 4160 857 4228 A¹M¹p3
882 4161 933 4214 nisi
956 4161 978 4213 si
997 4159 1056 4212 rell.
1099 4162 1107 4227 ll
1146 4161 1180 4214 55
1205 4161 1257 4214 sint
1271 4159 1359 4229 pB²o3

293 4251 356 4301 sunt
375 4267 413 4318 φρ
