3218 4812
318 337 381 398 176
718 349 822 404 BELLI
841 349 983 404 GALLICI

315 515 403 594 quod
426 514 520 596 paulo
545 515 704 576 incautius
720 513 879 576 custodias
902 513 937 574 iu
955 532 1047 574 muro
1063 513 1232 595 dispositas
1248 511 1384 594 videbat,

316 641 392 684 suos
421 639 548 702 quoque
576 620 759 703 languidius
791 621 826 681 in
855 637 948 701 opere
977 620 1096 681 versari
1123 620 1216 682 iussit
1247 624 1279 682 ct
1306 619 1411 700 quida

282 750 302 790 a
317 727 386 790 fieri
410 727 506 790 vellet
529 726 665 790 ostendit
680 726 925 809 legionibusque
950 725 1046 809 [intra
1061 724 1182 808 vineas]
1207 726 1383 789 inocculto

317 835 488 916 expeditis·
506 834 700 914 cohortatus,
733 838 769 896 ut
801 833 971 914 aliquando
1004 852 1060 914 pro
1095 833 1190 894 tantis
1222 832 1384 896 laboribus

316 941 455 1003 fructum
470 941 622 1004 victoriae
638 941 848 1023 perciperent,
873 941 924 1020 iis,
950 940 1006 1021 qui
1022 940 1116 1030 primi
1131 959 1259 1001 murum
1275 957 1384 1002 ascen-

286 1049 450 1127 adissent,
474 1048 614 1130 praemia
637 1048 803 1130 proposuit
824 1045 1042 1128 militibusque
1058 1048 1186 1128 signum
1203 1047 1298 1109 dedit.
1337 1046 1383 1108 illi

316 1155 421 1217 subito
446 1173 487 1217 ex
510 1153 660 1216 omnibus
683 1153 824 1236 partibus
848 1153 1055 1216 evolaverunt
1082 1171 1274 1234 murumque
1303 1153 1425 1218 cele-10

254 1275 298 1329 28
315 1263 392 1324 riter
415 1262 662 1344 compleverunt.
709 1260 825 1322 Hostes
850 1280 883 1322 re
908 1279 990 1321 nora
1012 1261 1170 1342 perterriti
1199 1279 1290 1322 muro
1318 1266 1411 1324 tur-r

316 1369 470 1450 ribusque
501 1367 615 1430 deiecti
642 1367 766 1429 infore
795 1385 832 1428 ac
859 1366 937 1428 locis
964 1366 1196 1449 patentioribus
1224 1367 1383 1428 cuneatim

317 1475 541 1556 constiterunt,
565 1474 623 1536 hoc
647 1474 767 1554 anime,
792 1477 840 1552 ut,
864 1475 891 1535 si
907 1491 970 1555 qua
985 1493 1026 1536 ex
1042 1479 1131 1556 parte
1156 1474 1280 1535 obviam
1298 1473 1384 1557 [con-

233 1623 234 1628 κ
286 1581 376 1666 atra]
401 1583 576 1663 veniretur,
601 1582 668 1643 acie
692 1582 847 1642 instructa
870 1579 1097 1663 depugnarent.
1145 1580 1200 1642 ubi
1224 1583 1384 1644 neminem

317 1690 350 1751 in
375 1708 513 1769 aequum
536 1688 642 1750 locum
666 1705 734 1750 sese
758 1687 936 1768 demittere,
961 1687 1016 1750 sed
1041 1691 1105 1750 toto
1126 1687 1268 1768 undique
1291 1707 1411 1752 muros

316 1795 532 1858 circumfundi
555 1793 716 1876 viderunt,
740 1795 847 1874 veriti,
871 1813 911 1856 ne
935 1795 1065 1857 omnino
1085 1813 1155 1876 spes
1178 1793 1272 1876 fugae
1296 1794 1384 1857 tolle-

316 1909 417 1983 retur,
442 1901 570 1964 abiectis
594 1903 689 1963 armis
714 1901 843 1963 ultimas
867 1901 975 1984 oppidi
998 1907 1102 1984 partes
1126 1902 1303 1964 continenti
1326 1902 1384 1962 im-

283 2031 303 2070 a
317 2013 394 2091 potu
415 2009 611 2090 petiverunt,
634 2027 770 2089 parsque
787 2008 844 2089 ibi,
869 2027 941 2070 cum
958 2013 1091 2091 angusto
1108 2009 1199 2072 exitu
1222 2014 1384 2091 portarum

317 2133 351 2177 se
375 2115 436 2196 ipsi
458 2119 651 2197 premerent,
675 2134 693 2175 a
716 2114 882 2197 militibus,
905 2135 978 2197 pars
1003 2116 1066 2176 iam
1082 2135 1209 2198 egressa
1224 2117 1322 2198 portis
1345 2116 1383 2178 ab

317 2219 480 2303 equitibus
505 2225 552 2284 est
575 2221 749 2284 interfecta.
794 2240 855 2283 nec
878 2221 939 2283 fuit
963 2223 1145 2304 quisquam,
1170 2224 1226 2304 qui
1250 2223 1384 2305 praedae
1400 2244 1426 2285 ro

283 2350 304 2389 .4
318 2329 467 2391 studeret.
514 2329 559 2390 sic
584 2334 614 2390 et
638 2328 815 2391 Cenabensi
839 2329 934 2391 caede
959 2333 990 2391 et
1012 2328 1119 2392 labore
1144 2331 1246 2412 operis
1262 2330 1385 2392 incitati

317 2454 382 2498 nou
399 2439 499 2497 aetate
517 2434 680 2513 confectis,
704 2455 768 2496 uon
784 2435 985 2513 mulieribus,
1004 2455 1069 2498 non
1086 2436 1259 2499 infantibus
1275 2457 1385 2520 peper-

283 2563 303 2604 a
318 2546 437 2605 cerunt.
485 2541 624 2622 denique
641 2561 682 2605 ex
699 2542 787 2602 omni
803 2560 948 2621 numero,
973 2544 1029 2623 qui
1044 2542 1104 2604 fuit
1120 2545 1245 2606 circiter
1261 2545 1385 2606 milium

316 2648 389 2731 XL,
414 2650 468 2710 vix
491 2647 613 2731 DCCC,
639 2650 694 2730 qui
717 2650 819 2731 primo
843 2649 981 2712 clamore
1006 2651 1113 2712 audito
1142 2669 1176 2712 se
1205 2669 1246 2714 ex
1270 2651 1384 2734 oppido

317 2758 488 2837 eiecerunt,
527 2757 703 2820 incolumes
746 2757 785 2818 ad
824 2756 1119 2840 Vercingetorigem
1161 2764 1383 2839 pervenerunt.
1400 2777 1424 2818 15

283 2886 303 2926 a
319 2883 397 2946 quos
422 2864 475 2926 ille
499 2864 599 2925 multa
627 2864 691 2925 iam
716 2868 807 2927 nocte
837 2863 962 2926 silentio
992 2883 1033 2926 ex
1061 2864 1136 2946 fuga
1164 2866 1292 2947 excepit
1321 2863 1381 2948 <cti
1468 2881 1472 2888 ·

317 2972 450 3050 veritus,
473 2989 514 3033 ue
539 2990 601 3051 qua
625 2971 658 3032 in
683 2971 794 3033 castris
818 2991 860 3033 ex
884 2989 996 3032 eorum
1020 2989 1177 3034 concursu
1206 2978 1237 3035 et
1264 2972 1384 3034 miseri-

316 3077 425 3139 cordia
447 3077 535 3159 vulgi
560 3078 679 3139 seditio*
697 3082 851 3158 oreretur,
877 3076 935 3160 [ut]
959 3077 1070 3158 procul
1092 3078 1127 3138 in
1151 3079 1201 3140 via
1225 3079 1385 3161 dispositis

313 3183 526 3245 familiaribus
549 3185 615 3245 suis
637 3183 899 3265 principibusque
924 3184 1088 3246 ciuitatum
1109 3185 1314 3267 disparandos
1331 3186 1384 3249 de-

408 3379 423 3430 5
448 3392 561 3445 suosque
585 3375 736 3444 languidius
759 3395 776 3426 o
818 3376 826 3443 lt
867 3377 883 3429 a
911 3376 1112 3446 legionibusque
1137 3398 1166 3445 o;
1194 3379 1310 3448 legiones
1332 3386 1349 3445 β
1376 3378 1384 3449 ll

313 3467 386 3519 intra
404 3465 497 3519 uineas
515 3473 542 3532 β;
561 3466 611 3517 del.
632 3464 701 3532 HM,
721 3467 798 3518 extra
817 3466 914 3534 (castra
933 3467 994 3518 add.
1009 3467 1041 3536 φ)
1061 3467 1153 3521 uineas
1167 3487 1197 3536 ας
1217 3469 1286 3521 inter
1299 3471 1385 3521 castra

314 3555 462 3623 uineasque
481 3555 574 3608 Heller
615 3556 623 3619 ll
663 3555 691 3606 in
710 3555 812 3608 occulto
831 3572 883 3607 om.
904 3573 934 3622 (ις
953 3556 1002 3609 del.
1023 3556 1120 3610 Morus
1162 3559 1170 3626 ll
1212 3558 1384 3625 iexpeditas

311 3644 503 3711 cohortaturp
535 3645 543 3712 ΙΙ
575 3643 643 3697 aiis
662 3644 701 3696 cd.
720 3645 748 3710 13
767 3643 809 3696 his
827 3644 857 3696 X
886 3645 894 3711 it
926 3644 951 3697 8.
972 3646 987 3699 9
1007 3646 1225 3714 excandissantfl

406 3733 451 3787 28.
473 3733 489 3784 2
509 3733 695 3800 patentibusd
726 3734 734 3800 [Ι
767 3735 790 3787 3.
811 3734 828 3784 4
847 3737 938 3787 contra
956 3735 1005 3788 del.
1025 3735 1127 3788 Fcere.
1165 3736 1172 3804 Η
1210 3737 1384 3790 fidemittcre

317 3820 391 3886 Ala,
411 3821 544 3875 dimittere
562 3822 593 3874 X
621 3825 629 3891 ΙΙ
662 3823 777 3875 lamnis
796 3823 939 3890 abiectisp
971 3827 979 3893 Η
1012 3827 1099 3892 partes
1118 3824 1157 3892 X,
1177 3829 1265 3892 portas
1284 3827 1359 3878 Paul
1377 3825 1384 3897 il

317 3910 341 3960 7.
361 3909 378 3962 8
398 3911 541 3963 continenti
565 3912 668 3979 impetu
687 3931 715 3978 o,
738 3913 897 3978 continued
933 3914 942 3981 ll
981 3916 1010 3965 11
1037 3914 1075 3966 sic
1094 3913 1132 3979 Χ;
1156 3915 1203 3968 sed
1222 3915 1260 3981 D3
1284 3914 1359 3966 Paul
1377 3915 1384 3985 li

316 3998 459 4052 cenabansi
479 4018 512 4066 713
537 4001 680 4068 genabensi
699 4020 726 4070 p,
746 4001 840 4070 genabi
860 4021 877 4052 a
914 4004 922 4070 l(
961 4004 992 4056 13
1017 4004 1141 4056 exomni
1163 4002 1384 4074 conumeropil

320 4087 359 4140 13.
382 4089 415 4139 14
434 4089 535 4140 circiter
553 4088 604 4141 XL
622 4089 761 4156 miliumfl
792 4091 800 4154 ll
835 4093 866 4144 15
887 4091 1021 4144 eiecerunt
1041 4111 1058 4142 o
1084 4092 1093 4159 li
1121 4093 1153 4146 16
1173 4091 1277 4145 silentio
1298 4111 1326 4159 a,
1346 4092 1384 4145 sic

317 4183 334 4242 β
365 4180 374 4242 tl
406 4178 433 4229 et
446 4177 507 4229 add.
524 4177 585 4230 HM
603 4179 611 4246 li
637 4179 890 4248 latinarumque
910 4181 983 4248 amp
1009 4181 1017 4248 tt
1042 4182 1074 4233 17
1094 4181 1233 4234 incastris
1253 4198 1385 4236 concursu

312 4281 407 4318 eorum
429 4270 490 4333 etp
522 4267 530 4335 {t
564 4267 596 4320 18
616 4268 729 4322 oriretur
749 4268 878 4332 SM²Q²n
910 4270 919 4337 tl
951 4272 981 4322 ut
999 4269 1048 4322 del.
1069 4270 1142 4338 amq
