3126 4968
620 283 783 327 PRAEFATIO
1228 289 1264 332 1x

139 450 295 527 complura
318 469 377 509 non
399 450 501 510 videre
529 468 652 510 necesse
680 450 732 524 sit,
760 449 792 508 in
819 449 923 525 primis
951 450 977 508 si
1003 448 1034 508 id
1062 449 1142 526 quod
1168 449 1264 525 prima

14 539 23 558 ²
138 557 232 598 manu
256 539 400 616 scriptum
423 544 486 598 erut
508 557 625 598 erasum
649 544 680 598 et
702 539 832 598 secunde
854 557 945 597 manu
967 537 1114 597 mutatum
1137 542 1190 596 est.

231 628 276 687 Ea
294 635 393 687 autem
411 628 510 686 omnia
531 646 606 705 quae
628 628 661 686 in
683 628 740 686 hac
762 627 891 686 editione
914 627 1065 686 voluntate
1088 626 1174 685 omisi
1197 644 1264 702 pro-

18 745 22 796 f
138 717 218 776 ferre
247 718 344 793 cogito
370 717 403 775 111
425 717 554 776 editione
576 718 697 791 maiore,
726 735 784 794 que
806 721 901 775 totum
923 733 1031 792 corpus
1055 715 1263 775 Caesarianum

14 810 20 844 1-
139 806 337 882 complectar,
361 824 450 883 quam
472 806 576 882 paucis
598 811 666 882 post
688 805 772 865 annis
795 806 827 862 in
846 805 945 864 lucem
963 804 1144 881 prodituram
1163 822 1262 881 spero3

16 901 22 934 *3
139 895 259 954 codices
275 895 393 972 quidem
410 895 547 954 meliores
562 894 633 954 belli
648 894 757 968 civilis,
773 893 980 967 Alexandrini,
995 893 1140 966 Africani,
1155 893 1263 969 Hispa-

15 991 17 1022 ἰ
138 982 255 1042 niensis
274 984 337 1042 fere
354 1001 457 1042 omnes
474 983 534 1042 iam
552 1002 632 1043 nunc
649 983 715 1060 ipse
733 983 852 1042 contuli.
884 983 920 1041 In
939 983 1049 1042 maiore
1065 981 1118 1040 illa
1136 980 1263 1041 editione

17 1077 27 1116 ’--
133 1074 230 1130 etiam
254 1077 389 1132 accurate
408 1072 545 1132 indicabo
572 1090 648 1149 quae
672 1072 711 1130 811
734 1071 918 1147 singulorum
937 1071 1213 1130 commentariorum
1230 1071 1263 1131 in

18 1183 19 1186 ¹
139 1161 273 1236 singulis
291 1161 442 1221 codicibus
461 1161 650 1238 subscriptio;
674 1161 809 1221 hocloco
824 1161 896 1220 satis
909 1161 1001 1219 habeo
1015 1161 1145 1218 bremter
1159 1161 1263 1220 docere

14 1275 26 1292 ¹·
137 1249 170 1308 in
194 1250 348 1310 codicibus
371 1250 474 1310 1118818
493 1270 515 1309 α
532 1250 708 1326 plerumque
726 1249 853 1324 singulis
871 1249 955 1308 libris
973 1248 1045 1308 belli
1065 1247 1172 1330 Gallici
1190 1249 1263 1308 haec

20 1349 21 1354 ’
138 1339 283 1399 fereessc
297 1339 409 1398 addita:
431 1338 568 1399 IVLIVS
588 1338 737 1398 CELSVS
757 1336 1060 1397 CONSTANTINVS
1082 1337 1132 1396 VC
1155 1336 1260 1397 LECI.

14 1441 21 1458 ⁸
138 1427 261 1486 BELLI
289 1426 452 1487 CALLICI
478 1427 599 1486 LIBER
623 1427 639 1486 I
662 1427 714 1505 (II.
730 1427 779 1486 III
794 1474 800 1487 .
818 1473 824 1485 .
841 1473 847 1485 .
864 1426 939 1503 VII)
961 1425 1157 1486 EXPLICIT.
1204 1425 1262 1484 IN·

139 1515 247 1576 CIPIT
266 1517 386 1576 LIBER
400 1515 432 1575 II
451 1517 578 1595 (III...
597 1516 678 1594 VH);
703 1517 734 1575 in
757 1516 908 1575 codicibus
931 1515 1035 1574 classis
1052 1515 1075 1593 β
1094 1515 1168 1574 haec
1185 1515 1260 1574 fers:

20 1649 21 1652 ,
140 1603 223 1683 ((1111
240 1605 342 1664 IVLII
361 1604 549 1683 CJESARIS)
569 1604 688 1664 BELLI
708 1603 871 1666 CALLICI
884 1604 1005 1663 LIBER
1016 1653 1021 1664 .
1033 1651 1039 1664 .
1051 1651 1057 1663 .
1068 1603 1262 1664 EXPLICIT.

20 1736 21 1740 ,
138 1694 291 1754 INCIPIT
314 1694 502 1754 LIBER...
536 1694 594 1754 Sed
616 1701 749 1754 extremo
771 1694 846 1752 libro
860 1693 956 1774 Ilgn
978 1713 1000 1751 α
1021 1691 1198 1767 subscriptio
1217 1698 1263 1751 est

14 1805 16 1810 ·
138 1784 226 1843 haec:
250 1783 388 1843 IVLIVS
407 1783 555 1843 CELSVS
575 1781 876 1843 CONSTANTINVS
891 1782 943 1841 VC
957 1781 1060 1842 LECI.
1090 1781 1262 1840 FLAVIVS

138 1872 327 1932 LICERIVS
341 1872 482 1931 EIRMIN
484 1872 533 1932 VS
548 1871 711 1931 LVPICIN
717 1871 763 1931 VS
777 1871 879 1932 LECI.
904 1871 1023 1930 BELLI
1033 1869 1194 1930 GALLICI
1208 1870 1261 1928 Ll-

14 1991 16 1996 *
139 1961 220 2020 BER
238 1961 278 2020 H.
306 1960 501 2020 EXPLICIT.
529 1961 680 2020 INCIPIT
706 1961 827 2020 LIBER
851 1960 906 2018 III.
938 1959 1156 2018 FELICITER.
1187 1959 1262 2017 Ex-

138 2055 234 2109 tremo
245 2051 321 2108 libro
329 2049 390 2109 Vll
402 2050 433 2108 in
445 2050 528 2109 codd.
539 2069 556 2130 ρ
569 2050 682 2109 adiecta
694 2056 765 2109 sunt
775 2049 862 2131 haec:
886 2047 957 2108 CAI
968 2047 1071 2108 IVLII
1084 2047 1261 2107 CAESARIS

139 2138 260 2198 BELLI
279 2138 443 2200 CALLICI
456 2139 576 2197 LIBER
589 2138 871 2220 ,VHAEXPLIOIT
883 2136 1100 2196 FELICITER.
1124 2136 1261 2196 IVLIVS

134 2227 293 2304 'CELSVS
319 2226 620 2288 CONSTANTINVS
648 2228 719 2287 VC.
746 2225 901 2294 RELEGI.
950 2225 1080 2284 HIRTII
1106 2224 1262 2285 PANSAE

138 2316 261 2375 LIBER
283 2316 403 2376 BELLI
425 2316 588 2377 CALLICI
612 2317 703 2376 VIII.
726 2315 876 2376 INCIPIT
896 2314 1113 2374 FELICITER.
1151 2311 1261 2372 Octavo

137 2405 214 2464 libro
238 2406 415 2465 addiderunt
436 2405 548 2464 librarii
572 2404 707 2464 codicum
729 2405 800 2480 bl(c)
825 2405 898 2463 haec
916 2405 991 2462 fere:
1015 2402 1144 2462 HIRCII
1166 2402 1261 2461 PAN-

140 2493 215 2554 SAE
239 2494 379 2553 RERVM
402 2493 619 2554 CESTARVM
641 2494 674 2552 B.
695 2493 728 2553 C.
751 2492 782 2552 C.
806 2492 909 2551 IVLII
932 2491 1123 2552 CAESARIS
1146 2490 1260 2551 PCNT.

139 2583 236 2642 MAX.
260 2583 381 2642 LIBER
400 2583 491 2642 VIII.
511 2582 697 2642 EXPLICIT
715 2582 760 2656 R,
784 2582 891 2658 quibus
909 2581 1008 2640 verbis
1025 2581 1058 2638 in
1076 2599 1145 2639 uuo
1164 2580 1261 2662 andja

139 2673 274 2732 subiecta
305 2677 376 2731 sunt
403 2672 489 2731 haec:
517 2671 654 2731 IVLIVS
683 2671 830 2730 CELSVS
860 2668 1160 2729 CONSTANTINVS
1190 2669 1260 2729 ‚VC

23 2765 25 2770 ’
138 2759 288 2820 RELECI
311 2760 485 2820 TANTVM.

228 2849 266 2908 ln
290 2849 389 2909 verbis
413 2849 546 2909 Caesaris
570 2849 798 2922 constituendis,
826 2847 1005 2924 ubicumque
1027 2847 1085 2905 duo
1108 2846 1159 2905 illa
1182 2847 1260 2905 codi-

140 2957 209 2998 cum
240 2957 350 3014 genera
377 2939 454 2998 inter
486 2957 518 2998 se
550 2939 732 3014 discrepant,
764 2936 990 3012 diligentissime
1020 2935 1163 3012 inquisivi
1195 2940 1261 2994 utra

138 3028 228 3088 lectio
258 3028 392 3087 Caesaris
423 3027 632 3086 consuetudini
664 3025 781 3085 dicendi
812 3024 1009 3102 responderet.
1060 3023 1127 3082 Non
1158 3024 1260 3100 psucIs

139 3135 211 3176 sane
238 3116 312 3176 locis
338 3117 471 3175 nondum
493 3117 530 3174 ad
553 3116 701 3192 liquidum
724 3133 787 3174 rem
810 3115 893 3191 potui
916 3114 1089 3190 perducere:
1117 3113 1164 3172 1118
1187 3113 1260 3173 11118

18 3279 19 3284 ¹
138 3206 237 3265 adhuc
263 3205 346 3264 tenui
374 3223 439 3264 eam
467 3224 555 3281 quam
579 3223 617 3264 ex
640 3204 722 3264 codd.
744 3223 766 3262 α
788 3203 910 3279 petitam
934 3201 1111 3262 recentiores
1134 3201 1260 3261 editores

138 3300 315 3370 receperunt
337 3312 447 3354 omnes.
487 3294 578 3370 Spero
601 3299 700 3352 tamen
723 3292 829 3350 horum
852 3310 970 3368 quoque
992 3291 1123 3350 locorum
1146 3295 1260 3366 partem

139 3384 225 3442 novis
253 3383 509 3460 disansitiorilbns
538 3400 625 3458 posse
653 3381 799 3458 expediri3
828 3398 896 3439 nam
924 3379 996 3457 quin
1018 3384 1049 3438 et
1070 3379 1261 3454 grammatica

140 3472 315 3532 Caesariana
350 3472 512 3547 composita
545 3473 647 3547 (quam
680 3489 773 3546 paene
804 3470 863 3527 iam
895 3470 1058 3528 confectam
1089 3466 1198 3544 habeo)
1231 3473 1261 3526 et

139 3561 286 3620 erroribus
310 3561 466 3637 utriusque
489 3560 621 3620 codicum
644 3560 762 3634 generis
785 3559 950 3617 accuratius
969 3557 1132 3633 perspectis
1151 3556 1260 3615 certius

139 3649 298 3709 iudicaturi
322 3650 415 3708 simus
438 3649 475 3708 de
498 3648 601 3708 multis
624 3648 697 3708 Iocis
719 3647 772 3705 vix
795 3653 841 3706 est
859 3646 991 3704 dubium.
1029 3643 1144 3718 Quibus
1161 3651 1260 3703 autem

138 3738 304 3798 rationibus
335 3743 499 3798 commotus
530 3737 617 3796 modo
647 3738 723 3796 hanc
750 3736 836 3794 modo
863 3735 945 3793 illam
972 3734 1107 3794 codicum
1134 3735 1261 3794 classem

139 3833 261 3886 secutus
289 3827 345 3886 sim
372 3832 424 3886 ant
450 3845 468 3884 a
495 3827 645 3886 codIcibus
672 3824 856 3885 discesserim
885 3841 1030 3900 exponam
1057 3823 1089 3882 in
1112 3841 1260 3882 commen-

138 3915 222 3976 tariis
250 3916 435 3975 scholasticis
457 3915 699 3974 Berolinensibus
726 3912 815 3972 huius
843 3912 911 3971 anni
939 3912 1184 3991 (Jahresberichte
1207 3913 1260 3971 des

14 4013 16 4106 ἑ
138 4005 242 4080 philol.
266 4004 391 4063 Vereins
417 4003 522 4082 1894).

230 4093 389 4171 Reliquum
407 4099 465 4167 est,
489 4098 522 4151 ut
540 4091 650 4168 gratias
668 4109 754 4167 agam
771 4090 920 4166 omnibus,
944 4090 996 4167 qui
1014 4091 1045 4148 in
1060 4091 1116 4150 hac
1131 4090 1260 4149 editIone

14 4169 15 4212 ³
139 4182 308 4260 apparauda
343 4200 391 4240 me
428 4182 616 4240 adiuverunt:
655 4180 779 4240 Detlelio
812 4179 977 4253 Detlelsen,
1015 4179 1141 4254 Georgio
1173 4179 1259 4250 Karo,
