3126 4968
508 1079 544 1145 C.
568 1080 689 1145 IULII
712 1079 936 1145 elusanus

444 1223 655 1298 BELLI
696 1225 993 1302 GALLIOI

586 1382 856 1438 noueremus.

277 1563 380 1627 Galha
398 1569 446 1626 est
465 1565 568 1627 omnis
588 1564 690 1626 divisa
713 1565 748 1626 in
766 1569 871 1647 partes
895 1570 972 1642 tres3
998 1584 1134 1646 quarum
1158 1584 1256 1627 unam
1275 1573 1292 1624 1

183 1670 332 1734 incolunt
363 1669 493 1753 Belgae,
531 1670 625 1733 aliam
658 1671 827 1752 Aquitani,
864 1673 990 1735 tertiam
1025 1673 1081 1753 qui
1112 1673 1256 1755 ipsorum

184 1776 296 1860 lingua
320 1777 437 1857 Celtae,
460 1783 569 1841 nostra
588 1777 671 1841 Galli
695 1778 902 1861 appellantur.
944 1779 978 1840 hi
1001 1798 1112 1843 omnes
1135 1779 1282 1862 linguar

127 1947 131 1964 ,
163 1873 351 1967 institutis,
374 1884 499 1967 legibus
522 1885 606 1948 inter
629 1904 663 1948 se
688 1885 845 1948 differunt.
890 1885 996 1949 Gallos
1020 1887 1059 1949 ab
1084 1887 1255 1968 Aquitanis

155 1991 350 2054 aGarumna
376 1990 510 2073 fiumen,
543 2011 563 2053 a
589 1991 698 2074 Belgis
726 1991 873 2084 Matrona
900 1999 932 2056 et
955 1992 1105 2075 Sequana
1133 1993 1254 2056 dividit.

185 2099 300 2160 horum
329 2100 473 2160 omnium
495 2098 659 2162 fortissimi
682 2103 757 2161 sunt
779 2099 911 2182 Belgae,
938 2093 1111 2183 propterea
1128 2100 1213 2181 quod
1237 2120 1282 2162 aa

185 2205 275 2266 cultu
302 2210 397 2286 atque
422 2205 618 2268 humanitate
641 2207 825 2289 provinciae
849 2206 1033 2288 longissime
1058 2206 1175 2269 absunt
1197 2207 1256 2268 mi-

185 2312 335 2394 nimeque
369 2312 408 2374 ad
441 2331 495 2375 eos
522 2317 714 2376 mercatores
747 2332 840 2395 saepe
873 2319 1053 2377 commeant
1084 2319 1180 2396 atque
1209 2334 1255 2396 ea,

186 2437 268 2499 quae
292 2419 332 2481 ad
356 2419 583 2482 effeminandos
608 2420 730 2482 animos
753 2421 923 2503 pertinent,
952 2422 1125 2503 important
1147 2422 1283 2504 proxi-4

142 2545 170 2586 10
184 2527 294 2607 mique
322 2531 397 2588 sunt
421 2525 600 2608 Germanis,
629 2528 686 2607 qui
714 2532 801 2590 trans
823 2527 973 2591 Rhenum
999 2509 1157 2612 incolunt,
1186 2530 1256 2609 qui-

183 2632 321 2695 buscum
349 2629 549 2696 continenter
576 2633 697 2696 bellum
724 2639 847 2715 gerunt.
895 2654 958 2716 qua
987 2635 1025 2698 de
1055 2655 1152 2699 causa
1178 2635 1255 2699 Hel-

184 2740 262 2802 vetii
281 2758 409 2820 quoque
428 2739 568 2821 reliquos
589 2740 696 2802 Gallos
715 2741 831 2804 virtute
849 2743 1057 2824 praecedunt,
1082 2744 1168 2824 quod
1189 2743 1255 2806 fere

166 2846 353 2909 'cotidianis
384 2846 513 2929 procliis
546 2865 619 2910 cum
653 2847 820 2910 Germanis
852 2850 1063 2932 contendunt,
1096 2869 1169 2912 cum
1201 2856 1256 2912 aut
1375 2921 1377 2928 ,

185 2954 252 3016 suis
288 2953 408 3016 finibus
443 2973 497 3016 cos
534 2953 703 3037 prohibent
741 2960 795 3016 aut
831 2957 891 3038 ipsi
925 2957 959 3017 in
992 2976 1102 3019 eonnn
1137 2956 1255 3020 finibus

143 3078 170 3120 15
185 3059 305 3122 bellum
333 3065 456 3142 gerunt.
504 3059 628 3144 [eorum
655 3080 828 3144 unapars,
858 3082 952 3144 quam
978 3063 1084 3126 Gallos
1112 3063 1282 3127 obtineres

186 3167 307 3228 dictum
331 3172 390 3247 est,
418 3167 548 3230 initium
575 3169 658 3250 capit
686 3189 705 3230 a
726 3167 859 3231 flumine
882 3169 1050 3251 Rhodano,
1074 3171 1256 3233 continetur

186 3271 350 3335 Garumna
381 3273 527 3356 flumine,
566 3274 706 3356 Oceano,
747 3273 866 3338 finibus
902 3275 1087 3357 Belgarum,
1130 3277 1256 3358 attingit

157 3381 281 3458 ,etiam
310 3380 348 3443 ab
378 3380 534 3461 Sequanis
567 3387 598 3444 et
625 3381 783 3445 Helvetiis
810 3381 930 3445 flumen
958 3383 1120 3465 Rhenum,
1152 3383 1256 3468 vergit
1278 3393 1311 3460 nr

186 3485 227 3547 ad
263 3489 504 3569 septentriones
558 3488 676 3571 Belgae
714 3488 752 3550 ab
791 3491 942 3552 extremis
980 3489 1100 3552 Galliae
1136 3489 1283 3553 finibusa

143 3595 346 3676 moriuntur,
374 3597 536 3677 pertinent
561 3595 601 3656 ad
623 3595 808 3659 inferiorem
830 3603 952 3678 partem
975 3575 1118 3659 fluminis
1141 3595 1254 3680 Rheni,

186 3706 329 3783 spectant
356 3702 388 3763 in
419 3703 664 3784 septentrionem
692 3707 725 3765 ct
748 3703 903 3766 orientem
927 3702 1034 3766 solem.
1080 3703 1282 3784 Aquitaniar

276 3897 303 3948 1.
332 3897 348 3948 5
371 3911 499 3962 garumna
517 3913 549 3964 χ;
578 3911 697 3964 garunna
719 3901 758 3964 φβ
803 3894 811 3966 ΗΗ
859 3893 1091 3950 15—24'con1m
1119 3914 1172 3950 una
1195 3913 1255 3965 pars

249 3983 480 4051 etseptentrioues
498 3985 546 4036 dcl.
562 3983 670 4038 Becher
706 3983 714 4056 ΗΗ
752 3987 783 4037 17
805 3985 1027 4049 Garumnchr.;
1047 4002 1166 4054 garunna
1183 3987 1213 4040 Χ
1248 3985 1256 4058 ΗΗ

187 4071 229 4123 17.
246 4071 278 4125 18
298 4071 413 4134 Oceano,
432 4073 530 4126 finibus
544 4073 699 4142 Belgarum,
713 4075 817 4143 attingit
829 4075 909 4128 etiam
922 4075 997 4138 Alea
1017 4091 1144 4129 occanum
1157 4077 1255 4130 finibus

186 4159 323 4228 belgarum
347 4161 459 4229 attingit.
478 4161 557 4215 etiarn
576 4162 606 4215 X
649 4161 657 4234 ΗΗ
684 4163 1093 4231 v21spectantinterRSchn.
1141 4163 1149 4234 ΗΗ
1195 4182 1255 4234 scp-

184 4249 330 4302 tsntn'ones
351 4250 412 4304 Ald.

232 4353 311 4396 Caesar
324 4355 341 4397 1.
358 4357 391 4399 ad.
406 4357 496 4400 lleusel.
1080 4346 1093 4395 l

1485 2989 1538 3106 Η,

1314 3089 1491 3494 ,Vll

1401 3366 1409 3441 ’1
