<?xml version="1.0" encoding="UTF-8"?>
<!DOCTYPE html PUBLIC "-//W3C//DTD XHTML 1.0 Transitional//EN"
    "http://www.w3.org/TR/xhtml1/DTD/xhtml1-transitional.dtd">
<html xmlns="http://www.w3.org/1999/xhtml" xml:lang="en" lang="en">
 <head>
  <title>
</title>
<meta http-equiv="Content-Type" content="text/html;charset=utf-8" />
  <meta name='ocr-system' content='tesseract 3.04.00' />
  <meta name='ocr-capabilities' content='ocr_page ocr_carea ocr_par ocr_line ocrx_word'/>
</head>
<body>
  <div class='ocr_page' id='page_1' title='image "./ciuliicaesarisb04meusgoog_0222.png"; bbox 0 0 3214 4812; ppageno 0'>
   <div class='ocr_carea' id='block_1_1' title="bbox 544 373 1287 440">
    <p class='ocr_par' dir='ltr' id='par_1_1' title="bbox 544 373 1287 440">
     <span class='ocr_line' id='line_1_1' title="bbox 544 373 1287 440; baseline -0.005 -2"><span class='ocrx_word' id='word_1_1' title='bbox 544 385 652 438; x_wconf 81' lang='lat' dir='ltr'>LIBER</span> <span class='ocrx_word' id='word_1_2' title='bbox 670 385 730 439; x_wconf 84' lang='lat' dir='ltr'>VII.</span> <span class='ocrx_word' id='word_1_3' title='bbox 751 384 827 439; x_wconf 83' lang='lat' dir='ltr'>CAP.</span> <span class='ocrx_word' id='word_1_4' title='bbox 847 385 965 440; x_wconf 82' lang='lat'><strong>68-71.</strong></span> <span class='ocrx_word' id='word_1_5' title='bbox 1223 373 1287 435; x_wconf 88' lang='grc'>203</span> 
     </span>
    </p>
   </div>
   <div class='ocr_carea' id='block_1_2' title="bbox 175 546 1343 2661">
    <p class='ocr_par' dir='ltr' id='par_1_2' title="bbox 188 546 1343 951">
     <span class='ocr_line' id='line_1_2' title="bbox 188 546 1343 632; baseline 0.001 -19"><span class='ocrx_word' id='word_1_6' title='bbox 188 547 318 613; x_wconf 70' lang='lat' dir='ltr'>sfirmis</span> <span class='ocrx_word' id='word_1_7' title='bbox 341 548 510 631; x_wconf 83' lang='lat' dir='ltr'>praesidiis</span> <span class='ocrx_word' id='word_1_8' title='bbox 534 547 732 612; x_wconf 89' lang='lat' dir='ltr'>tenebantur.</span> <span class='ocrx_word' id='word_1_9' title='bbox 780 546 882 631; x_wconf 87' lang='lat' dir='ltr'>Opere</span> <span class='ocrx_word' id='word_1_10' title='bbox 905 549 1052 612; x_wconf 90' lang='lat' dir='ltr'>instituto</span> <span class='ocrx_word' id='word_1_11' title='bbox 1080 547 1117 612; x_wconf 91' lang='lat' dir='ltr'>fit</span> <span class='ocrx_word' id='word_1_12' title='bbox 1140 554 1287 632; x_wconf 78' lang='lat' dir='ltr'>equestre</span> <span class='ocrx_word' id='word_1_13' title='bbox 1307 559 1343 614; x_wconf 75' lang='lat'>70</span> 
     </span>
     <span class='ocr_line' id='line_1_3' title="bbox 217 654 1289 738; baseline 0.002 -22"><span class='ocrx_word' id='word_1_14' title='bbox 217 654 375 738; x_wconf 89' lang='lat' dir='ltr'>proelium</span> <span class='ocrx_word' id='word_1_15' title='bbox 402 657 436 717; x_wconf 93' lang='lat' dir='ltr'>in</span> <span class='ocrx_word' id='word_1_16' title='bbox 460 673 498 717; x_wconf 91' lang='lat' dir='ltr'>ea</span> <span class='ocrx_word' id='word_1_17' title='bbox 525 655 670 738; x_wconf 80' lang='lat' dir='ltr'>planitie,</span> <span class='ocrx_word' id='word_1_18' title='bbox 704 675 799 738; x_wconf 90' lang='lat' dir='ltr'>quam</span> <span class='ocrx_word' id='word_1_19' title='bbox 822 655 1038 721; x_wconf 80' lang='lat' dir='ltr'>intermissam</span> <span class='ocrx_word' id='word_1_20' title='bbox 1065 655 1200 720; x_wconf 86' lang='lat' dir='ltr'>collibus</span> <span class='ocrx_word' id='word_1_21' title='bbox 1229 657 1289 719; x_wconf 85' lang='lat' dir='ltr'>tria</span> 
     </span>
     <span class='ocr_line' id='line_1_4' title="bbox 216 761 1288 846; baseline 0.003 -23"><span class='ocrx_word' id='word_1_22' title='bbox 216 762 306 824; x_wconf 92' lang='lat' dir='ltr'>milia</span> <span class='ocrx_word' id='word_1_23' title='bbox 328 781 481 845; x_wconf 83' lang='lat' dir='ltr'>passuum</span> <span class='ocrx_word' id='word_1_24' title='bbox 508 763 542 824; x_wconf 92' lang='lat' dir='ltr'>in</span> <span class='ocrx_word' id='word_1_25' title='bbox 571 761 808 844; x_wconf 88' lang='lat' dir='ltr'>longitudinem</span> <span class='ocrx_word' id='word_1_26' title='bbox 835 767 944 845; x_wconf 87' lang='lat' dir='ltr'>patere</span> <span class='ocrx_word' id='word_1_27' title='bbox 972 782 1067 846; x_wconf 90' lang='lat' dir='ltr'>supra</span> <span class='ocrx_word' id='word_1_28' title='bbox 1093 762 1288 826; x_wconf 84' lang='lat' dir='ltr'>demonstra-</span> 
     </span>
     <span class='ocr_line' id='line_1_5' title="bbox 219 868 1315 951; baseline 0.008 -23"><span class='ocrx_word' id='word_1_29' title='bbox 219 869 330 931; x_wconf 89' lang='lat' dir='ltr'>vimus.</span> <span class='ocrx_word' id='word_1_30' title='bbox 377 888 503 932; x_wconf 92' lang='lat' dir='ltr'>summa</span> <span class='ocrx_word' id='word_1_31' title='bbox 526 869 559 932; x_wconf 85' lang='lat' dir='ltr'>ri</span> <span class='ocrx_word' id='word_1_32' title='bbox 582 868 621 931; x_wconf 91' lang='lat' dir='ltr'>ab</span> <span class='ocrx_word' id='word_1_33' title='bbox 644 870 790 951; x_wconf 90' lang='lat' dir='ltr'>utrisque</span> <span class='ocrx_word' id='word_1_34' title='bbox 814 869 1024 932; x_wconf 82' lang='lat' dir='ltr'>contenditur.</span> <span class='ocrx_word' id='word_1_35' title='bbox 1070 869 1315 937; x_wconf 83' lang='lat' dir='ltr'>laborantibusa</span> 
     </span>
    </p>

    <p class='ocr_par' dir='ltr' id='par_1_3' title="bbox 188 974 1314 1485">
     <span class='ocr_line' id='line_1_6' title="bbox 188 974 1287 1060; baseline -0.001 -20"><span class='ocrx_word' id='word_1_36' title='bbox 188 976 333 1040; x_wconf 77' lang='lat' dir='ltr'>anostris</span> <span class='ocrx_word' id='word_1_37' title='bbox 357 974 472 1038; x_wconf 81' lang='lat' dir='ltr'>Caesar</span> <span class='ocrx_word' id='word_1_38' title='bbox 489 975 664 1039; x_wconf 84' lang='lat' dir='ltr'>Germanos</span> <span class='ocrx_word' id='word_1_39' title='bbox 688 976 847 1040; x_wconf 86' lang='lat' dir='ltr'>submittit</span> <span class='ocrx_word' id='word_1_40' title='bbox 869 977 1075 1060; x_wconf 85' lang='lat' dir='ltr'>legionesque</span> <span class='ocrx_word' id='word_1_41' title='bbox 1095 995 1152 1059; x_wconf 87' lang='lat' dir='ltr'>pro</span> <span class='ocrx_word' id='word_1_42' title='bbox 1176 978 1287 1039; x_wconf 89' lang='lat' dir='ltr'>castris</span> 
     </span>
     <span class='ocr_line' id='line_1_7' title="bbox 218 1082 1286 1166; baseline 0 -22"><span class='ocrx_word' id='word_1_43' title='bbox 218 1082 395 1164; x_wconf 90' lang='lat' dir='ltr'>constituit,</span> <span class='ocrx_word' id='word_1_44' title='bbox 418 1101 460 1146; x_wconf 91' lang='lat' dir='ltr'>ne</span> <span class='ocrx_word' id='word_1_45' title='bbox 478 1103 541 1166; x_wconf 90' lang='lat' dir='ltr'>qua</span> <span class='ocrx_word' id='word_1_46' title='bbox 558 1082 663 1146; x_wconf 93' lang='lat' dir='ltr'>subito</span> <span class='ocrx_word' id='word_1_47' title='bbox 680 1083 822 1166; x_wconf 86' lang='lat' dir='ltr'>inruptio</span> <span class='ocrx_word' id='word_1_48' title='bbox 847 1082 886 1145; x_wconf 92' lang='lat' dir='ltr'>ab</span> <span class='ocrx_word' id='word_1_49' title='bbox 903 1083 1041 1146; x_wconf 90' lang='lat' dir='ltr'>hostium</span> <span class='ocrx_word' id='word_1_50' title='bbox 1058 1082 1202 1166; x_wconf 88' lang='lat' dir='ltr'>peditatu</span> <span class='ocrx_word' id='word_1_51' title='bbox 1223 1082 1286 1146; x_wconf 89' lang='lat' dir='ltr'>fiat.</span> 
     </span>
     <span class='ocr_line' id='line_1_8' title="bbox 216 1188 1314 1273; baseline 0.007 -23"><span class='ocrx_word' id='word_1_52' title='bbox 216 1189 372 1271; x_wconf 88' lang='lat' dir='ltr'>praesidio</span> <span class='ocrx_word' id='word_1_53' title='bbox 397 1190 564 1272; x_wconf 91' lang='lat' dir='ltr'>legionum</span> <span class='ocrx_word' id='word_1_54' title='bbox 588 1188 694 1252; x_wconf 92' lang='lat' dir='ltr'>addito</span> <span class='ocrx_word' id='word_1_55' title='bbox 718 1189 836 1253; x_wconf 91' lang='lat' dir='ltr'>nostris</span> <span class='ocrx_word' id='word_1_56' title='bbox 860 1190 985 1252; x_wconf 91' lang='lat' dir='ltr'>animus</span> <span class='ocrx_word' id='word_1_57' title='bbox 1008 1195 1155 1273; x_wconf 90' lang='lat' dir='ltr'>augetur:</span> <span class='ocrx_word' id='word_1_58' title='bbox 1180 1191 1314 1258; x_wconf 82' lang='lat' dir='ltr'>hostese</span> 
     </span>
     <span class='ocr_line' id='line_1_9' title="bbox 217 1295 1286 1380; baseline 0.003 -24"><span class='ocrx_word' id='word_1_59' title='bbox 217 1295 253 1356; x_wconf 95' lang='lat' dir='ltr'>in</span> <span class='ocrx_word' id='word_1_60' title='bbox 279 1295 386 1378; x_wconf 86' lang='lat' dir='ltr'>fugam</span> <span class='ocrx_word' id='word_1_61' title='bbox 418 1296 553 1360; x_wconf 90' lang='lat' dir='ltr'>coniecti</span> <span class='ocrx_word' id='word_1_62' title='bbox 586 1316 619 1361; x_wconf 91' lang='lat' dir='ltr'>se</span> <span class='ocrx_word' id='word_1_63' title='bbox 652 1297 715 1379; x_wconf 92' lang='lat' dir='ltr'>ipsi</span> <span class='ocrx_word' id='word_1_64' title='bbox 745 1296 951 1360; x_wconf 90' lang='lat' dir='ltr'>multitudine</span> <span class='ocrx_word' id='word_1_65' title='bbox 983 1296 1164 1380; x_wconf 92' lang='lat' dir='ltr'>impediunt</span> <span class='ocrx_word' id='word_1_66' title='bbox 1191 1301 1286 1379; x_wconf 88' lang='lat' dir='ltr'>atque</span> 
     </span>
     <span class='ocr_line' id='line_1_10' title="bbox 218 1402 1314 1485; baseline 0.007 -23"><span class='ocrx_word' id='word_1_67' title='bbox 218 1402 452 1484; x_wconf 88' lang='lat' dir='ltr'>angustioribus</span> <span class='ocrx_word' id='word_1_68' title='bbox 484 1404 583 1485; x_wconf 90' lang='lat' dir='ltr'>portis</span> <span class='ocrx_word' id='word_1_69' title='bbox 614 1403 735 1466; x_wconf 90' lang='lat' dir='ltr'>relictis</span> <span class='ocrx_word' id='word_1_70' title='bbox 763 1406 953 1466; x_wconf 80' lang='lat' dir='ltr'>coartantur.</span> <span class='ocrx_word' id='word_1_71' title='bbox 1002 1402 1153 1466; x_wconf 84' lang='lat' dir='ltr'>Germani</span> <span class='ocrx_word' id='word_1_72' title='bbox 1181 1404 1314 1470; x_wconf 73' lang='lat' dir='ltr'>acriust</span> 
     </span>
    </p>

    <p class='ocr_par' dir='ltr' id='par_1_4' title="bbox 175 1508 1313 2021">
     <span class='ocr_line' id='line_1_11' title="bbox 175 1508 1313 1592; baseline 0.001 -17"><span class='ocrx_word' id='word_1_73' title='bbox 175 1526 319 1588; x_wconf 82' lang='lat' dir='ltr'>reusque</span> <span class='ocrx_word' id='word_1_74' title='bbox 343 1508 383 1572; x_wconf 92' lang='lat' dir='ltr'>ad</span> <span class='ocrx_word' id='word_1_75' title='bbox 406 1509 602 1574; x_wconf 91' lang='lat' dir='ltr'>munitiones</span> <span class='ocrx_word' id='word_1_76' title='bbox 626 1514 814 1591; x_wconf 88' lang='lat' dir='ltr'>sequuntur.</span> <span class='ocrx_word' id='word_1_77' title='bbox 860 1509 897 1572; x_wconf 93' lang='lat' dir='ltr'>fit</span> <span class='ocrx_word' id='word_1_78' title='bbox 921 1529 1038 1592; x_wconf 91' lang='lat' dir='ltr'>magna</span> <span class='ocrx_word' id='word_1_79' title='bbox 1066 1511 1191 1590; x_wconf 88' lang='lat' dir='ltr'>eaedes;</span> <span class='ocrx_word' id='word_1_80' title='bbox 1220 1529 1313 1578; x_wconf 80' lang='lat' dir='ltr'>nona</span> 
     </span>
     <span class='ocr_line' id='line_1_12' title="bbox 215 1613 1286 1698; baseline 0.002 -23"><span class='ocrx_word' id='word_1_81' title='bbox 215 1613 299 1676; x_wconf 95' lang='lat' dir='ltr'>nulli</span> <span class='ocrx_word' id='word_1_82' title='bbox 321 1616 440 1679; x_wconf 86' lang='lat' dir='ltr'>relictis</span> <span class='ocrx_word' id='word_1_83' title='bbox 465 1618 555 1698; x_wconf 88' lang='lat' dir='ltr'>equis</span> <span class='ocrx_word' id='word_1_84' title='bbox 578 1617 695 1680; x_wconf 90' lang='lat' dir='ltr'>fossam</span> <span class='ocrx_word' id='word_1_85' title='bbox 719 1617 853 1680; x_wconf 90' lang='lat' dir='ltr'>transire</span> <span class='ocrx_word' id='word_1_86' title='bbox 876 1621 909 1680; x_wconf 91' lang='lat' dir='ltr'>et</span> <span class='ocrx_word' id='word_1_87' title='bbox 931 1617 1101 1680; x_wconf 89' lang='lat' dir='ltr'>maceriam</span> <span class='ocrx_word' id='word_1_88' title='bbox 1124 1621 1286 1680; x_wconf 85' lang='lat' dir='ltr'>transcen-</span> 
     </span>
     <span class='ocr_line' id='line_1_13' title="bbox 217 1719 1284 1807; baseline 0.003 -25"><span class='ocrx_word' id='word_1_89' title='bbox 217 1719 291 1784; x_wconf 89' lang='lat' dir='ltr'>dere</span> <span class='ocrx_word' id='word_1_90' title='bbox 317 1727 481 1787; x_wconf 88' lang='lat' dir='ltr'>conantur.</span> <span class='ocrx_word' id='word_1_91' title='bbox 527 1724 660 1807; x_wconf 91' lang='lat' dir='ltr'>paulum</span> <span class='ocrx_word' id='word_1_92' title='bbox 688 1724 830 1807; x_wconf 86' lang='lat' dir='ltr'>legiones</span> <span class='ocrx_word' id='word_1_93' title='bbox 854 1722 982 1805; x_wconf 80' lang='lat' dir='ltr'>Caesar,</span> <span class='ocrx_word' id='word_1_94' title='bbox 1011 1742 1090 1804; x_wconf 92' lang='lat' dir='ltr'>quas</span> <span class='ocrx_word' id='word_1_95' title='bbox 1117 1742 1173 1805; x_wconf 92' lang='lat' dir='ltr'>pro</span> <span class='ocrx_word' id='word_1_96' title='bbox 1201 1722 1284 1785; x_wconf 87' lang='lat' dir='ltr'>vallo</span> 
     </span>
     <span class='ocr_line' id='line_1_14' title="bbox 216 1829 1313 1913; baseline 0.007 -23"><span class='ocrx_word' id='word_1_97' title='bbox 216 1830 437 1911; x_wconf 88' lang='lat' dir='ltr'>constituerat,</span> <span class='ocrx_word' id='word_1_98' title='bbox 461 1832 643 1913; x_wconf 84' lang='lat' dir='ltr'>promoveri</span> <span class='ocrx_word' id='word_1_99' title='bbox 665 1829 762 1893; x_wconf 91' lang='lat' dir='ltr'>iubet.</span> <span class='ocrx_word' id='word_1_100' title='bbox 808 1849 873 1892; x_wconf 90' lang='lat' dir='ltr'>non</span> <span class='ocrx_word' id='word_1_101' title='bbox 897 1831 1004 1892; x_wconf 92' lang='lat' dir='ltr'>minus</span> <span class='ocrx_word' id='word_1_102' title='bbox 1029 1830 1086 1913; x_wconf 91' lang='lat' dir='ltr'>qui</span> <span class='ocrx_word' id='word_1_103' title='bbox 1108 1829 1313 1898; x_wconf 78' lang='lat' dir='ltr'>intramus</span> 
     </span>
     <span class='ocr_line' id='line_1_15' title="bbox 216 1935 1286 2021; baseline 0.003 -26"><span class='ocrx_word' id='word_1_104' title='bbox 216 1935 354 2000; x_wconf 89' lang='lat' dir='ltr'>nitiones</span> <span class='ocrx_word' id='word_1_105' title='bbox 377 1942 469 2000; x_wconf 89' lang='lat' dir='ltr'>erant</span> <span class='ocrx_word' id='word_1_106' title='bbox 494 1937 578 2000; x_wconf 83' lang='lat' dir='ltr'>Galli</span> <span class='ocrx_word' id='word_1_107' title='bbox 600 1936 840 2021; x_wconf 88' lang='lat' dir='ltr'>perturbantur:</span> <span class='ocrx_word' id='word_1_108' title='bbox 870 1938 975 2000; x_wconf 82' lang='lat' dir='ltr'>veniri</span> <span class='ocrx_word' id='word_1_109' title='bbox 998 1937 1039 2000; x_wconf 91' lang='lat' dir='ltr'>ad</span> <span class='ocrx_word' id='word_1_110' title='bbox 1062 1957 1095 2001; x_wconf 90' lang='lat' dir='ltr'>se</span> <span class='ocrx_word' id='word_1_111' title='bbox 1120 1937 1286 2000; x_wconf 85' lang='lat' dir='ltr'>confestim</span> 
     </span>
    </p>

    <p class='ocr_par' dir='ltr' id='par_1_5' title="bbox 176 2043 1313 2340">
     <span class='ocr_line' id='line_1_16' title="bbox 176 2043 1286 2127; baseline 0 -21"><span class='ocrx_word' id='word_1_112' title='bbox 176 2065 203 2106; x_wconf 80' lang='lat' dir='ltr'>rs</span> <span class='ocrx_word' id='word_1_113' title='bbox 218 2043 437 2108; x_wconf 82' lang='lat' dir='ltr'>existimantes</span> <span class='ocrx_word' id='word_1_114' title='bbox 461 2043 500 2106; x_wconf 91' lang='lat' dir='ltr'>ad</span> <span class='ocrx_word' id='word_1_115' title='bbox 524 2064 612 2108; x_wconf 90' lang='lat' dir='ltr'>arma</span> <span class='ocrx_word' id='word_1_116' title='bbox 635 2045 847 2125; x_wconf 72' lang='lat' dir='ltr'>conclamant,</span> <span class='ocrx_word' id='word_1_117' title='bbox 877 2064 942 2107; x_wconf 93' lang='lat' dir='ltr'>non</span> <span class='ocrx_word' id='word_1_118' title='bbox 965 2044 1047 2107; x_wconf 92' lang='lat' dir='ltr'>nulli</span> <span class='ocrx_word' id='word_1_119' title='bbox 1069 2045 1229 2127; x_wconf 90' lang='lat' dir='ltr'>perterriti</span> <span class='ocrx_word' id='word_1_120' title='bbox 1251 2044 1286 2106; x_wconf 93' lang='lat' dir='ltr'>in</span> 
     </span>
     <span class='ocr_line' id='line_1_17' title="bbox 218 2149 1313 2234; baseline 0.008 -24"><span class='ocrx_word' id='word_1_121' title='bbox 218 2149 370 2232; x_wconf 91' lang='lat' dir='ltr'>oppidum</span> <span class='ocrx_word' id='word_1_122' title='bbox 397 2151 595 2233; x_wconf 89' lang='lat' dir='ltr'>inrumpunt.</span> <span class='ocrx_word' id='word_1_123' title='bbox 641 2152 887 2234; x_wconf 81' lang='lat' dir='ltr'>Vercingetorix</span> <span class='ocrx_word' id='word_1_124' title='bbox 919 2150 1008 2214; x_wconf 94' lang='lat' dir='ltr'>iubet</span> <span class='ocrx_word' id='word_1_125' title='bbox 1036 2156 1143 2234; x_wconf 89' lang='lat' dir='ltr'>portas</span> <span class='ocrx_word' id='word_1_126' title='bbox 1172 2151 1313 2232; x_wconf 80' lang='lat' dir='ltr'>claudi,7</span> 
     </span>
     <span class='ocr_line' id='line_1_18' title="bbox 215 2257 1285 2340; baseline 0.004 -24"><span class='ocrx_word' id='word_1_127' title='bbox 215 2273 256 2317; x_wconf 93' lang='lat' dir='ltr'>ne</span> <span class='ocrx_word' id='word_1_128' title='bbox 280 2260 382 2320; x_wconf 88' lang='lat' dir='ltr'>castra</span> <span class='ocrx_word' id='word_1_129' title='bbox 404 2258 576 2338; x_wconf 89' lang='lat' dir='ltr'>nudentur.</span> <span class='ocrx_word' id='word_1_130' title='bbox 615 2258 725 2321; x_wconf 89' lang='lat' dir='ltr'>multis</span> <span class='ocrx_word' id='word_1_131' title='bbox 744 2258 930 2339; x_wconf 86' lang='lat' dir='ltr'>interiectis,</span> <span class='ocrx_word' id='word_1_132' title='bbox 954 2257 1173 2340; x_wconf 87' lang='lat' dir='ltr'>compluribus</span> <span class='ocrx_word' id='word_1_133' title='bbox 1194 2259 1285 2339; x_wconf 91' lang='lat' dir='ltr'>equis</span> 
     </span>
    </p>

    <p class='ocr_par' dir='ltr' id='par_1_6' title="bbox 189 2363 1339 2661">
     <span class='ocr_line' id='line_1_19' title="bbox 189 2363 1339 2448; baseline -0.003 -19"><span class='ocrx_word' id='word_1_134' title='bbox 189 2363 315 2445; x_wconf 86' lang='lat' dir='ltr'>rcaptis</span> <span class='ocrx_word' id='word_1_135' title='bbox 333 2363 483 2426; x_wconf 83' lang='lat' dir='ltr'>Germani</span> <span class='ocrx_word' id='word_1_136' title='bbox 503 2383 571 2430; x_wconf 90' lang='lat' dir='ltr'>sese</span> <span class='ocrx_word' id='word_1_137' title='bbox 591 2366 759 2448; x_wconf 87' lang='lat' dir='ltr'>recipiunt.</span> <span class='ocrx_word' id='word_1_138' title='bbox 794 2364 1053 2448; x_wconf 79' lang='lat' dir='ltr'>Vercingetorix,</span> <span class='ocrx_word' id='word_1_139' title='bbox 1076 2365 1167 2447; x_wconf 89' lang='lat' dir='ltr'>prius</span> <span class='ocrx_word' id='word_1_140' title='bbox 1189 2383 1285 2446; x_wconf 90' lang='lat' dir='ltr'>quam</span> <span class='ocrx_word' id='word_1_141' title='bbox 1305 2383 1339 2436; x_wconf 75' lang='lat'>71</span> 
     </span>
     <span class='ocr_line' id='line_1_20' title="bbox 216 2470 1285 2555; baseline 0.005 -25"><span class='ocrx_word' id='word_1_142' title='bbox 216 2470 412 2535; x_wconf 90' lang='lat' dir='ltr'>munitiones</span> <span class='ocrx_word' id='word_1_143' title='bbox 436 2472 474 2535; x_wconf 89' lang='lat' dir='ltr'>ab</span> <span class='ocrx_word' id='word_1_144' title='bbox 498 2470 651 2535; x_wconf 88' lang='lat' dir='ltr'>Romanis</span> <span class='ocrx_word' id='word_1_145' title='bbox 673 2470 892 2555; x_wconf 90' lang='lat' dir='ltr'>perficiantur,</span> <span class='ocrx_word' id='word_1_146' title='bbox 921 2471 1089 2535; x_wconf 89' lang='lat' dir='ltr'>consilium</span> <span class='ocrx_word' id='word_1_147' title='bbox 1113 2473 1197 2555; x_wconf 90' lang='lat' dir='ltr'>capit</span> <span class='ocrx_word' id='word_1_148' title='bbox 1219 2490 1285 2535; x_wconf 92' lang='lat' dir='ltr'>om-</span> 
     </span>
     <span class='ocr_line' id='line_1_21' title="bbox 216 2575 1312 2661; baseline 0.003 -24"><span class='ocrx_word' id='word_1_149' title='bbox 216 2594 290 2639; x_wconf 92' lang='lat' dir='ltr'>nem</span> <span class='ocrx_word' id='word_1_150' title='bbox 311 2575 350 2639; x_wconf 89' lang='lat' dir='ltr'>ab</span> <span class='ocrx_word' id='word_1_151' title='bbox 371 2597 404 2641; x_wconf 90' lang='lat' dir='ltr'>se</span> <span class='ocrx_word' id='word_1_152' title='bbox 426 2579 604 2661; x_wconf 89' lang='lat' dir='ltr'>equitatum</span> <span class='ocrx_word' id='word_1_153' title='bbox 623 2583 722 2642; x_wconf 89' lang='lat' dir='ltr'>noctu</span> <span class='ocrx_word' id='word_1_154' title='bbox 738 2578 905 2642; x_wconf 89' lang='lat' dir='ltr'>dimittere.</span> <span class='ocrx_word' id='word_1_155' title='bbox 941 2577 1180 2642; x_wconf 88' lang='lat' dir='ltr'>discedentibus</span> <span class='ocrx_word' id='word_1_156' title='bbox 1196 2598 1312 2647; x_wconf 82' lang='lat' dir='ltr'>man-2</span> 
     </span>
    </p>
   </div>
   <div class='ocr_carea' id='block_1_3' title="bbox 185 2681 1312 3301">
    <p class='ocr_par' dir='ltr' id='par_1_7' title="bbox 185 2681 1312 3301">
     <span class='ocr_line' id='line_1_22' title="bbox 217 2681 1284 2769; baseline 0.005 -26"><span class='ocrx_word' id='word_1_157' title='bbox 217 2681 283 2764; x_wconf 88' lang='lat' dir='ltr'>dat,</span> <span class='ocrx_word' id='word_1_158' title='bbox 310 2689 347 2746; x_wconf 89' lang='lat' dir='ltr'>ut</span> <span class='ocrx_word' id='word_1_159' title='bbox 374 2704 465 2748; x_wconf 93' lang='lat' dir='ltr'>suam</span> <span class='ocrx_word' id='word_1_160' title='bbox 493 2687 628 2769; x_wconf 91' lang='lat' dir='ltr'>quisque</span> <span class='ocrx_word' id='word_1_161' title='bbox 657 2704 767 2749; x_wconf 91' lang='lat' dir='ltr'>eorum</span> <span class='ocrx_word' id='word_1_162' title='bbox 796 2686 956 2749; x_wconf 82' lang='lat' dir='ltr'>civitatem</span> <span class='ocrx_word' id='word_1_163' title='bbox 983 2685 1075 2748; x_wconf 88' lang='lat' dir='ltr'>adeat</span> <span class='ocrx_word' id='word_1_164' title='bbox 1101 2703 1284 2767; x_wconf 88' lang='lat' dir='ltr'>omnesque,</span> 
     </span>
     <span class='ocr_line' id='line_1_23' title="bbox 185 2791 1283 2876; baseline 0 -22"><span class='ocrx_word' id='word_1_165' title='bbox 185 2791 273 2869; x_wconf 70' lang='lat' dir='ltr'>equi</span> <span class='ocrx_word' id='word_1_166' title='bbox 299 2810 357 2873; x_wconf 92' lang='lat' dir='ltr'>per</span> <span class='ocrx_word' id='word_1_167' title='bbox 385 2796 520 2856; x_wconf 88' lang='lat' dir='ltr'>aetatem</span> <span class='ocrx_word' id='word_1_168' title='bbox 549 2813 636 2856; x_wconf 88' lang='lat' dir='ltr'>arma</span> <span class='ocrx_word' id='word_1_169' title='bbox 663 2793 745 2856; x_wconf 82' lang='lat' dir='ltr'>ferre</span> <span class='ocrx_word' id='word_1_170' title='bbox 774 2793 909 2876; x_wconf 80' lang='lat' dir='ltr'>possint,</span> <span class='ocrx_word' id='word_1_171' title='bbox 940 2791 979 2854; x_wconf 91' lang='lat' dir='ltr'>ad</span> <span class='ocrx_word' id='word_1_172' title='bbox 1007 2791 1127 2854; x_wconf 91' lang='lat' dir='ltr'>bellum</span> <span class='ocrx_word' id='word_1_173' title='bbox 1155 2796 1283 2873; x_wconf 82' lang='lat' dir='ltr'>cogant3</span> 
     </span>
     <span class='ocr_line' id='line_1_24' title="bbox 217 2896 1312 2982; baseline 0.008 -25"><span class='ocrx_word' id='word_1_174' title='bbox 217 2915 275 2958; x_wconf 93' lang='lat' dir='ltr'>sua</span> <span class='ocrx_word' id='word_1_175' title='bbox 297 2898 331 2959; x_wconf 89' lang='lat' dir='ltr'>in</span> <span class='ocrx_word' id='word_1_176' title='bbox 354 2897 426 2962; x_wconf 92' lang='lat' dir='ltr'>illos</span> <span class='ocrx_word' id='word_1_177' title='bbox 448 2901 562 2962; x_wconf 87' lang='lat' dir='ltr'>merita</span> <span class='ocrx_word' id='word_1_178' title='bbox 584 2899 733 2982; x_wconf 92' lang='lat' dir='ltr'>proponit</span> <span class='ocrx_word' id='word_1_179' title='bbox 756 2898 1007 2979; x_wconf 88' lang='lat' dir='ltr'>obtestaturque,</span> <span class='ocrx_word' id='word_1_180' title='bbox 1029 2901 1066 2960; x_wconf 94' lang='lat' dir='ltr'>ut</span> <span class='ocrx_word' id='word_1_181' title='bbox 1081 2917 1157 2960; x_wconf 90' lang='lat' dir='ltr'>suae</span> <span class='ocrx_word' id='word_1_182' title='bbox 1174 2896 1312 2966; x_wconf 81' lang='lat' dir='ltr'>salutisa</span> 
     </span>
     <span class='ocr_line' id='line_1_25' title="bbox 215 2993 1285 3089; baseline 0.004 -25"><span class='ocrx_word' id='word_1_183' title='bbox 215 3003 371 3068; x_wconf 90' lang='lat' dir='ltr'>rationem</span> <span class='ocrx_word' id='word_1_184' title='bbox 401 3004 539 3069; x_wconf 90' lang='lat' dir='ltr'>habeant</span> <span class='ocrx_word' id='word_1_185' title='bbox 570 3025 636 3070; x_wconf 92' lang='lat' dir='ltr'>neu</span> <span class='ocrx_word' id='word_1_186' title='bbox 668 3024 701 3069; x_wconf 94' lang='lat' dir='ltr'>se</span> <span class='ocrx_word' id='word_1_187' title='bbox 730 3007 847 3089; x_wconf 91' lang='lat' dir='ltr'>optime</span> <span class='ocrx_word' id='word_1_188' title='bbox 881 3005 920 3068; x_wconf 93' lang='lat' dir='ltr'>de</span> <span class='ocrx_word' id='word_1_189' title='bbox 949 2993 1111 3067; x_wconf 90' lang='lat' dir='ltr'>communi</span> <span class='ocrx_word' id='word_1_190' title='bbox 1140 3004 1285 3068; x_wconf 86' lang='lat' dir='ltr'>libertate</span> 
     </span>
     <span class='ocr_line' id='line_1_26' title="bbox 215 3095 1285 3193; baseline 0.004 -23"><span class='ocrx_word' id='word_1_191' title='bbox 215 3111 365 3174; x_wconf 90' lang='lat' dir='ltr'>meritum</span> <span class='ocrx_word' id='word_1_192' title='bbox 393 3112 540 3176; x_wconf 91' lang='lat' dir='ltr'>hostibus</span> <span class='ocrx_word' id='word_1_193' title='bbox 568 3113 603 3175; x_wconf 93' lang='lat' dir='ltr'>in</span> <span class='ocrx_word' id='word_1_194' title='bbox 631 3095 807 3176; x_wconf 84' lang='lat' dir='ltr'>cruciatum</span> <span class='ocrx_word' id='word_1_195' title='bbox 836 3111 960 3176; x_wconf 89' lang='lat' dir='ltr'>dedant.</span> <span class='ocrx_word' id='word_1_196' title='bbox 1008 3111 1094 3193; x_wconf 90' lang='lat' dir='ltr'>quod</span> <span class='ocrx_word' id='word_1_197' title='bbox 1121 3111 1148 3174; x_wconf 91' lang='lat' dir='ltr'>si</span> <span class='ocrx_word' id='word_1_198' title='bbox 1177 3111 1285 3174; x_wconf 91' lang='lat' dir='ltr'>indili-</span> 
     </span>
     <span class='ocr_line' id='line_1_27' title="bbox 212 3217 1285 3301; baseline 0.002 -22"><span class='ocrx_word' id='word_1_199' title='bbox 212 3219 376 3298; x_wconf 87' lang='lat' dir='ltr'>gentiores</span> <span class='ocrx_word' id='word_1_200' title='bbox 408 3218 539 3301; x_wconf 88' lang='lat' dir='ltr'>fuerint,</span> <span class='ocrx_word' id='word_1_201' title='bbox 577 3219 665 3282; x_wconf 91' lang='lat' dir='ltr'>milia</span> <span class='ocrx_word' id='word_1_202' title='bbox 700 3220 866 3283; x_wconf 90' lang='lat' dir='ltr'>hominum</span> <span class='ocrx_word' id='word_1_203' title='bbox 902 3219 1024 3282; x_wconf 89' lang='lat' dir='ltr'>delecta</span> <span class='ocrx_word' id='word_1_204' title='bbox 1058 3217 1187 3282; x_wconf 84' lang='lat' dir='ltr'>LXXX</span> <span class='ocrx_word' id='word_1_205' title='bbox 1220 3238 1285 3282; x_wconf 92' lang='lat' dir='ltr'>una</span> 
     </span>
    </p>
   </div>
   <div class='ocr_carea' id='block_1_4' title="bbox 306 3465 578 3534">
    <p class='ocr_par' dir='ltr' id='par_1_8' title="bbox 306 3465 578 3534">
     <span class='ocr_line' id='line_1_28' title="bbox 306 3465 578 3534; baseline 0.004 -15"><span class='ocrx_word' id='word_1_206' title='bbox 306 3466 339 3520; x_wconf 90' lang='grc'>16</span> <span class='ocrx_word' id='word_1_207' title='bbox 359 3465 543 3520; x_wconf 87' lang='lat' dir='ltr'>detinebantur</span> <span class='ocrx_word' id='word_1_208' title='bbox 561 3474 578 3534; x_wconf 82' lang='grc' dir='ltr'><em>β</em></span> 
     </span>
    </p>
   </div>
   <div class='ocr_carea' id='block_1_5' title="bbox 215 3570 1285 4001">
    <p class='ocr_par' dir='ltr' id='par_1_9' title="bbox 215 3570 1285 4001">
     <span class='ocr_line' id='line_1_29' title="bbox 306 3570 1284 3644; baseline -0.001 -18"><span class='ocrx_word' id='word_1_209' title='bbox 306 3573 349 3628; x_wconf 76' lang='lat' dir='ltr'>to.</span> <span class='ocrx_word' id='word_1_210' title='bbox 370 3574 386 3626; x_wconf 89' lang='grc'><strong>3</strong></span> <span class='ocrx_word' id='word_1_211' title='bbox 404 3573 433 3626; x_wconf 92' lang='lat' dir='ltr'>in</span> <span class='ocrx_word' id='word_1_212' title='bbox 451 3573 643 3644; x_wconf 89' lang='lat' dir='ltr'>longitudinem</span> <span class='ocrx_word' id='word_1_213' title='bbox 662 3580 745 3641; x_wconf 66' lang='lat' dir='ltr'>carad</span> <span class='ocrx_word' id='word_1_214' title='bbox 776 3573 784 3641; x_wconf 96' lang='grc'>11</span> <span class='ocrx_word' id='word_1_215' title='bbox 816 3574 880 3627; x_wconf 81' lang='lat' dir='ltr'>tine</span> <span class='ocrx_word' id='word_1_216' title='bbox 893 3588 945 3641; x_wconf 89' lang='lat' dir='ltr'>qua</span> <span class='ocrx_word' id='word_1_217' title='bbox 964 3612 1040 3626; x_wconf 91' lang='grc'><strong>.....</strong></span> <span class='ocrx_word' id='word_1_218' title='bbox 1061 3572 1169 3626; x_wconf 84' lang='lat' dir='ltr'>fiatdel.</span> <span class='ocrx_word' id='word_1_219' title='bbox 1182 3571 1258 3626; x_wconf 79' lang='lat' dir='ltr'>Paul</span> <span class='ocrx_word' id='word_1_220' title='bbox 1276 3570 1284 3643; x_wconf 92' lang='grc'>11</span> 
     </span>
     <span class='ocr_line' id='line_1_30' title="bbox 216 3659 1284 3732; baseline 0.001 -18"><span class='ocrx_word' id='word_1_221' title='bbox 216 3662 279 3714; x_wconf 71' lang='lat' dir='ltr'>let</span> <span class='ocrx_word' id='word_1_222' title='bbox 296 3662 428 3730; x_wconf 71' lang='lat' dir='ltr'>nostrisfl</span> <span class='ocrx_word' id='word_1_223' title='bbox 468 3665 476 3732; x_wconf 94' lang='grc'>11</span> <span class='ocrx_word' id='word_1_224' title='bbox 517 3663 622 3716; x_wconf 90' lang='lat' dir='ltr'>animus</span> <span class='ocrx_word' id='word_1_225' title='bbox 643 3663 691 3731; x_wconf 55' lang='lat' dir='ltr'>Spq</span> <span class='ocrx_word' id='word_1_226' title='bbox 715 3663 811 3717; x_wconf 88' lang='lat' dir='ltr'>animis</span> <span class='ocrx_word' id='word_1_227' title='bbox 831 3681 849 3714; x_wconf 81' lang='lat' dir='ltr'>a</span> <span class='ocrx_word' id='word_1_228' title='bbox 889 3662 898 3729; x_wconf 95' lang='grc'>11</span> <span class='ocrx_word' id='word_1_229' title='bbox 939 3659 966 3716; x_wconf 83' lang='lat' dir='ltr'>et</span> <span class='ocrx_word' id='word_1_230' title='bbox 983 3661 1075 3715; x_wconf 89' lang='lat' dir='ltr'>hostes</span> <span class='ocrx_word' id='word_1_231' title='bbox 1094 3664 1192 3728; x_wconf 68' lang='lat' dir='ltr'>suntss</span> <span class='ocrx_word' id='word_1_232' title='bbox 1227 3664 1236 3731; x_wconf 95' lang='grc'>11</span> <span class='ocrx_word' id='word_1_233' title='bbox 1268 3661 1284 3715; x_wconf 89' lang='lat'>9</span> 
     </span>
     <span class='ocr_line' id='line_1_31' title="bbox 215 3751 1285 3821; baseline 0 -17"><span class='ocrx_word' id='word_1_234' title='bbox 215 3752 367 3805; x_wconf 86' lang='lat' dir='ltr'>coartantur</span> <span class='ocrx_word' id='word_1_235' title='bbox 384 3758 412 3820; x_wconf 78' lang='grc' dir='ltr'>β;</span> <span class='ocrx_word' id='word_1_236' title='bbox 432 3753 579 3806; x_wconf 90' lang='lat' dir='ltr'>coaceruati</span> <span class='ocrx_word' id='word_1_237' title='bbox 597 3755 655 3806; x_wconf 89' lang='lat' dir='ltr'>tum</span> <span class='ocrx_word' id='word_1_238' title='bbox 674 3771 704 3821; x_wconf 84' lang='grc' dir='ltr'>α;</span> <span class='ocrx_word' id='word_1_239' title='bbox 724 3754 913 3806; x_wconf 87' lang='lat' dir='ltr'>coaceruantur</span> <span class='ocrx_word' id='word_1_240' title='bbox 930 3767 997 3804; x_wconf 79' lang='lat' dir='ltr'>rece.</span> <span class='ocrx_word' id='word_1_241' title='bbox 1030 3752 1039 3820; x_wconf 93' lang='grc'>11</span> <span class='ocrx_word' id='word_1_242' title='bbox 1072 3751 1106 3806; x_wconf 90' lang='grc'>10</span> <span class='ocrx_word' id='word_1_243' title='bbox 1124 3751 1285 3805; x_wconf 87' lang='lat' dir='ltr'>munitiones</span> 
     </span>
     <span class='ocr_line' id='line_1_32' title="bbox 216 3839 1284 3912; baseline 0.002 -22"><span class='ocrx_word' id='word_1_244' title='bbox 216 3857 246 3907; x_wconf 72' lang='grc' dir='ltr'>ας</span> <span class='ocrx_word' id='word_1_245' title='bbox 265 3847 391 3908; x_wconf 68' lang='lat' dir='ltr'>murosp</span> <span class='ocrx_word' id='word_1_246' title='bbox 422 3843 431 3910; x_wconf 94' lang='grc'>11</span> <span class='ocrx_word' id='word_1_247' title='bbox 461 3843 670 3910; x_wconf 68' lang='lat' dir='ltr'>persecunturss</span> <span class='ocrx_word' id='word_1_248' title='bbox 701 3840 710 3909; x_wconf 92' lang='grc'>11</span> <span class='ocrx_word' id='word_1_249' title='bbox 743 3843 774 3894; x_wconf 92' lang='grc'>11</span> <span class='ocrx_word' id='word_1_250' title='bbox 794 3841 933 3895; x_wconf 87' lang='lat' dir='ltr'>materiam</span> <span class='ocrx_word' id='word_1_251' title='bbox 946 3860 964 3892; x_wconf 84' lang='lat' dir='ltr'>u</span> <span class='ocrx_word' id='word_1_252' title='bbox 996 3841 1004 3909; x_wconf 93' lang='grc'>11</span> <span class='ocrx_word' id='word_1_253' title='bbox 1037 3840 1071 3893; x_wconf 86' lang='lat'>12</span> <span class='ocrx_word' id='word_1_254' title='bbox 1083 3839 1222 3909; x_wconf 87' lang='lat' dir='ltr'>paululum</span> <span class='ocrx_word' id='word_1_255' title='bbox 1236 3839 1284 3912; x_wconf 83' lang='grc' dir='ltr'>π11</span> 
     </span>
     <span class='ocr_line' id='line_1_33' title="bbox 217 3929 1116 4001; baseline 0.002 -21"><span class='ocrx_word' id='word_1_256' title='bbox 217 3929 251 3980; x_wconf 88' lang='grc'>14</span> <span class='ocrx_word' id='word_1_257' title='bbox 268 3930 456 3997; x_wconf 81' lang='lat' dir='ltr'>perturbantur</span> <span class='ocrx_word' id='word_1_258' title='bbox 475 3929 538 4000; x_wconf 85' lang='lat' dir='ltr'>galli</span> <span class='ocrx_word' id='word_1_259' title='bbox 557 3950 574 3983; x_wconf 90' lang='grc' dir='ltr'><strong><em>α</em></strong></span> <span class='ocrx_word' id='word_1_260' title='bbox 606 3932 615 4001; x_wconf 92' lang='grc'>11</span> <span class='ocrx_word' id='word_1_261' title='bbox 646 3930 737 3985; x_wconf 87' lang='lat' dir='ltr'>uenire</span> <span class='ocrx_word' id='word_1_262' title='bbox 757 3950 774 3982; x_wconf 84' lang='grc' dir='ltr'><strong><em>α</em></strong></span> <span class='ocrx_word' id='word_1_263' title='bbox 806 3931 815 3999; x_wconf 95' lang='grc'>11</span> <span class='ocrx_word' id='word_1_264' title='bbox 848 3931 882 3986; x_wconf 90' lang='grc'>16</span> <span class='ocrx_word' id='word_1_265' title='bbox 900 3932 990 4000; x_wconf 85' lang='lat' dir='ltr'>portas</span> <span class='ocrx_word' id='word_1_266' title='bbox 1008 3929 1116 3997; x_wconf 70' lang='lat' dir='ltr'>iubetfl</span> 
     </span>
    </p>
   </div>
   <div class='ocr_carea' id='block_1_6' title="bbox 215 4036 1284 4286">
    <p class='ocr_par' dir='ltr' id='par_1_10' title="bbox 215 4036 1284 4286">
     <span class='ocr_line' id='line_1_34' title="bbox 306 4036 1283 4107; baseline -0.001 -15"><span class='ocrx_word' id='word_1_267' title='bbox 306 4038 351 4092; x_wconf 80' lang='grc'>71.</span> <span class='ocrx_word' id='word_1_268' title='bbox 371 4037 387 4090; x_wconf 85' lang='grc'>2</span> <span class='ocrx_word' id='word_1_269' title='bbox 406 4044 456 4105; x_wconf 66' lang='lat' dir='ltr'>ap</span> <span class='ocrx_word' id='word_1_270' title='bbox 487 4037 496 4105; x_wconf 93' lang='grc'>11</span> <span class='ocrx_word' id='word_1_271' title='bbox 529 4038 614 4104; x_wconf 72' lang='lat' dir='ltr'>eae</span> <span class='ocrx_word' id='word_1_272' title='bbox 645 4039 653 4107; x_wconf 94' lang='grc'>11</span> <span class='ocrx_word' id='word_1_273' title='bbox 686 4037 823 4092; x_wconf 86' lang='lat' dir='ltr'>demittere</span> <span class='ocrx_word' id='word_1_274' title='bbox 843 4058 860 4090; x_wconf 83' lang='grc' dir='ltr'><strong><em>α</em></strong></span> <span class='ocrx_word' id='word_1_275' title='bbox 897 4039 906 4104; x_wconf 93' lang='grc'>11</span> <span class='ocrx_word' id='word_1_276' title='bbox 942 4038 1074 4092; x_wconf 83' lang='lat' dir='ltr'>4adeant</span> <span class='ocrx_word' id='word_1_277' title='bbox 1092 4036 1154 4090; x_wconf 89' lang='lat' dir='ltr'>HM</span> <span class='ocrx_word' id='word_1_278' title='bbox 1182 4039 1190 4107; x_wconf 93' lang='grc'>11</span> <span class='ocrx_word' id='word_1_279' title='bbox 1222 4038 1283 4091; x_wconf 85' lang='grc'>4.5</span> 
     </span>
     <span class='ocr_line' id='line_1_35' title="bbox 215 4126 1284 4196; baseline 0.002 -17"><span class='ocrx_word' id='word_1_280' title='bbox 215 4140 307 4179; x_wconf 89' lang='lat' dir='ltr'>omnes</span> <span class='ocrx_word' id='word_1_281' title='bbox 327 4127 406 4195; x_wconf 72' lang='lat' dir='ltr'>quiss</span> <span class='ocrx_word' id='word_1_282' title='bbox 437 4128 446 4196; x_wconf 95' lang='grc'>11</span> <span class='ocrx_word' id='word_1_283' title='bbox 479 4129 622 4196; x_wconf 74' lang='lat' dir='ltr'>epossent</span> <span class='ocrx_word' id='word_1_284' title='bbox 641 4146 658 4177; x_wconf 80' lang='lat' dir='ltr'>a</span> <span class='ocrx_word' id='word_1_285' title='bbox 690 4127 699 4196; x_wconf 95' lang='grc'>11</span> <span class='ocrx_word' id='word_1_286' title='bbox 731 4129 808 4196; x_wconf 90' lang='lat' dir='ltr'>cogat</span> <span class='ocrx_word' id='word_1_287' title='bbox 825 4126 864 4180; x_wconf 75' lang='lat' dir='ltr'>A·</span> <span class='ocrx_word' id='word_1_288' title='bbox 900 4126 909 4194; x_wconf 94' lang='grc'>11</span> <span class='ocrx_word' id='word_1_289' title='bbox 946 4129 1033 4195; x_wconf 75' lang='lat' dir='ltr'>tique</span> <span class='ocrx_word' id='word_1_290' title='bbox 1052 4134 1142 4193; x_wconf 52' lang='lat' dir='ltr'>emp</span> <span class='ocrx_word' id='word_1_291' title='bbox 1177 4126 1186 4195; x_wconf 94' lang='grc'>11</span> <span class='ocrx_word' id='word_1_292' title='bbox 1223 4127 1284 4181; x_wconf 84' lang='grc'>7.8</span> 
     </span>
     <span class='ocr_line' id='line_1_36' title="bbox 215 4214 1284 4286; baseline 0.003 -19"><span class='ocrx_word' id='word_1_293' title='bbox 215 4214 248 4268; x_wconf 88' lang='lat' dir='ltr'>de</span> <span class='ocrx_word' id='word_1_294' title='bbox 268 4216 401 4269; x_wconf 88' lang='lat' dir='ltr'>communi</span> <span class='ocrx_word' id='word_1_295' title='bbox 419 4216 539 4271; x_wconf 80' lang='lat' dir='ltr'>libertate</span> <span class='ocrx_word' id='word_1_296' title='bbox 558 4217 656 4286; x_wconf 88' lang='lat' dir='ltr'>optime</span> <span class='ocrx_word' id='word_1_297' title='bbox 674 4217 799 4270; x_wconf 88' lang='lat' dir='ltr'>meritum</span> <span class='ocrx_word' id='word_1_298' title='bbox 818 4217 846 4269; x_wconf 91' lang='lat' dir='ltr'>in</span> <span class='ocrx_word' id='word_1_299' title='bbox 865 4217 1012 4271; x_wconf 88' lang='lat' dir='ltr'>cruciatum</span> <span class='ocrx_word' id='word_1_300' title='bbox 1031 4216 1151 4270; x_wconf 89' lang='lat' dir='ltr'>hostibus</span> <span class='ocrx_word' id='word_1_301' title='bbox 1169 4223 1187 4283; x_wconf 80' lang='grc' dir='ltr'>β</span> <span class='ocrx_word' id='word_1_302' title='bbox 1222 4220 1231 4283; x_wconf 95' lang='grc'>11</span> <span class='ocrx_word' id='word_1_303' title='bbox 1267 4215 1284 4270; x_wconf 87' lang='grc'>8</span> 
     </span>
    </p>
   </div>
   <div class='ocr_carea' id='block_1_7' title="bbox 215 4301 946 4376">
    <p class='ocr_par' dir='ltr' id='par_1_11' title="bbox 215 4301 946 4376">
     <span class='ocr_line' id='line_1_37' title="bbox 215 4301 946 4376; baseline 0.004 -20"><span class='ocrx_word' id='word_1_304' title='bbox 215 4301 268 4368; x_wconf 81' lang='lat' dir='ltr'>Qui</span> <span class='ocrx_word' id='word_1_305' title='bbox 286 4304 344 4372; x_wconf 70' lang='lat' dir='ltr'>siss</span> <span class='ocrx_word' id='word_1_306' title='bbox 375 4308 384 4372; x_wconf 93' lang='grc'>11</span> <span class='ocrx_word' id='word_1_307' title='bbox 416 4306 558 4362; x_wconf 84' lang='lat' dir='ltr'><strong>9LXXX</strong></span> <span class='ocrx_word' id='word_1_308' title='bbox 576 4305 714 4373; x_wconf 71' lang='lat' dir='ltr'>delectae</span> <span class='ocrx_word' id='word_1_309' title='bbox 745 4308 753 4376; x_wconf 92' lang='grc'>11</span> <span class='ocrx_word' id='word_1_310' title='bbox 785 4322 839 4359; x_wconf 90' lang='lat' dir='ltr'>una</span> <span class='ocrx_word' id='word_1_311' title='bbox 857 4313 946 4374; x_wconf 72' lang='lat' dir='ltr'>onass</span> 
     </span>
    </p>
   </div>
   <div class='ocr_carea' id='block_1_8' title="bbox 0 0 1612 4812">
    <p class='ocr_par' dir='ltr' id='par_1_12' title="bbox 0 0 1612 4812">
     <span class='ocr_line' id='line_1_38' title="bbox 0 0 1612 4812; baseline 0 1"><span class='ocrx_word' id='word_1_312' title='bbox 0 0 1612 4812; x_wconf 95' lang='lat' dir='ltr'> </span> 
     </span>
    </p>
   </div>
  </div>
 </body>
</html>
