3218 4812
550 491 657 545 LIBER
674 491 738 546 ΙΠΙ.
759 491 833 546 CAP.
854 491 972 546 26-30.
1252 480 1293 540 93

226 675 342 738 magno
366 674 424 718 suo
449 674 522 718 cum
543 655 684 737 periculo
709 655 922 734 deicerentur,
949 675 1031 738 quae
1047 660 1152 719 tamen
1169 658 1321 721 ancorisa

186 787 213 828 ιο
226 763 317 824 iactis
333 781 407 825 cum
422 760 573 824 fluctibus
590 761 838 844 complerentur,
854 763 1032 826 necessario
1053 763 1185 826 adversa
1200 768 1293 826 nocte

199 871 261 934 rin
285 868 384 932 altum
407 874 575 952 provectae
599 871 814 932 continentem
838 870 1007 952 petierunt.
1053 869 1176 934 Eadem
1199 877 1292 934 nocte
1311 884 1347 938 29

226 975 353 1056 accidit,
381 980 418 1038 ut
445 980 527 1039 esset
553 975 631 1038 luna
658 976 763 1059 plena,
798 977 854 1058 qui
882 976 951 1040 dies
978 977 1154 1039 maritimos
1187 982 1293 1040 aestus

226 1084 382 1146 maximos
406 1085 440 1145 in
464 1081 589 1146 Oceano
614 1081 738 1146 efficere
758 1085 939 1165 consuevit,
962 1085 1146 1166 nostrisque
1169 1085 1204 1147 id
1227 1091 1294 1147 erat

225 1192 432 1273 incognitum.
478 1192 522 1253 ila
554 1209 618 1253 uno
647 1196 788 1273 tempore
822 1197 854 1254 ct
881 1192 993 1273 longas
1020 1209 1132 1272 naves,
1165 1189 1321 1273 [quibusa

196 1296 341 1362 sansar
364 1298 542 1362 exercitum
560 1297 840 1380 transportandum
856 1297 1051 1382 curaverat]
1076 1317 1155 1378 quas
1180 1297 1294 1360 Caesar

125 1451 127 1454 -
225 1405 260 1466 in
275 1405 401 1467 aridum
416 1403 627 1479 subduxerat,
645 1409 751 1467 aestus
768 1404 959 1487 complebat,
976 1410 1008 1468 et
1023 1407 1193 1486 onerarias,
1213 1424 1293 1487 quae

225 1512 264 1574 ad
294 1522 425 1574 ancoras
453 1515 544 1574 erant
571 1510 741 1593 deligatae,
770 1515 940 1594 tempestas
968 1511 1161 1591 adflictabat,
1188 1530 1293 1594 neque

227 1618 291 1680 ulla
314 1619 431 1681 nostris
453 1617 587 1680 facultas
611 1623 666 1681 aut
689 1617 931 1681 administrandi
959 1622 1015 1681 aut
1038 1617 1216 1681 auxiliandi
1240 1619 1293 1682 da-

225 1725 326 1789 batur.
374 1725 591 1808 compluribus
620 1724 756 1788 naribus
779 1725 888 1788 fractis
915 1725 1059 1805 reliquae
1087 1744 1161 1788 cum
1189 1731 1320 1788 essenta

186 1853 212 1894 10
226 1832 370 1914 funibus,
395 1833 520 1895 ancoris
544 1831 741 1915 reliquisque
767 1833 970 1895 armamentis
994 1833 1118 1896 amissis
1142 1833 1181 1895 ad
1204 1833 1293 1894 navi-

225 1939 367 2021 gandum
390 1940 533 2019 inutiles,
560 1959 689 2021 magna,
716 1938 749 2000 id
779 1939 864 2020 quod
891 1958 1022 2002 necesse
1053 1944 1120 2003 erat
1142 1939 1292 2020 accidere,

226 2047 322 2108 totius
346 2046 507 2109 exercitus
528 2046 723 2128 perturbatio
747 2046 830 2108 facta
853 2051 909 2111 est.
955 2064 1061 2127 neque
1084 2046 1172 2108 enim
1195 2064 1320 2108 navesr

226 2158 315 2215 erant
339 2153 429 2234 aliae,
458 2152 575 2235 quibus
604 2154 759 2234 reportari
785 2157 930 2235 possent,
959 2157 991 2215 et
1019 2153 1125 2214 omnia
1153 2151 1292 2235 deerant,

227 2279 308 2341 quae
332 2260 371 2322 ad
394 2259 583 2322 reficiendas
605 2279 705 2322 naves
734 2263 824 2322 erant
851 2260 937 2342 usui,
967 2264 998 2322 et
1026 2258 1113 2341 quod
1142 2260 1293 2322 omnibus

185 2387 211 2428 ra
226 2366 389 2430 constabat
412 2366 548 2428 hiemari
574 2367 610 2428 in
639 2365 742 2428 Gallia
770 2372 929 2450 oportere,
956 2365 1151 2430 frumentum
1180 2369 1214 2428 iu
1242 2367 1292 2428 his

226 2474 303 2536 locis
326 2474 360 2535 in
383 2474 520 2537 hiemem
545 2475 707 2556 provisum
731 2493 798 2537 non
822 2478 896 2537 erat.

198 2603 209 2643 ι
316 2578 439 2654 Quibus
462 2580 558 2643 rebus
582 2582 716 2664 cognitis
740 2583 899 2664 principes
923 2581 1121 2663 Britanniae,
1147 2582 1204 2663 qui
1221 2586 1293 2663 post
1310 2591 1346 2646 30

225 2687 384 2769 proelium
417 2687 455 2749 ad
485 2686 651 2750 Caesarem
679 2692 907 2769 convenerant,
940 2689 1024 2751 inter
1057 2706 1091 2752 se
1123 2688 1292 2769 conlocuti,
1363 2752 1366 2756 .

226 2812 299 2856 cunr
328 2799 360 2856 et
387 2795 512 2876 equites
541 2800 572 2856 et
598 2813 697 2857 nares
726 2799 758 2857 et
783 2795 979 2857 frumentum
1007 2793 1158 2857 Romanis
1183 2795 1292 2858 deesse

225 2900 447 2983 intellegerent
470 2905 501 2964 et
523 2902 716 2984 paucitatem
739 2901 877 2963 militum
901 2920 942 2964 ex
966 2906 1140 2963 castrorum
1169 2902 1292 2983 exigui-

196 3012 289 3070 state
312 3012 551 3091 cognoscerent,
577 3027 658 3090 quae
682 3009 741 3070 hoc
765 3012 855 3070 erant
873 3009 970 3070 etiam
986 3008 1179 3089 angustiora,
1205 3007 1291 3088 quod

121 3195 124 3200 .
225 3116 294 3177 sine
327 3115 561 3197 impedimentis
589 3114 705 3178 Caesar
732 3114 872 3196 legiones
900 3118 1180 3197 transportaverat,
1214 3116 1320 3197 opti-a

225 3241 314 3284 mum
337 3221 420 3284 factu
445 3240 513 3284 esse
537 3220 699 3284 duxerunt
721 3220 895 3284 rebellione
922 3221 1004 3284 facta
1025 3221 1183 3284 frumento
1208 3240 1292 3284 com-

225 3332 397 3409 meatuque
421 3335 545 3391 nostros
567 3328 735 3410 prohibere
759 3333 791 3391 et
812 3347 880 3391 rem
896 3329 929 3389 in
946 3327 1083 3391 hiemem
1107 3328 1292 3410 producere,

225 3435 312 3516 quod
335 3435 385 3498 his
408 3436 564 3517 superatis
588 3440 643 3496 aut
665 3435 770 3498 reditu
794 3435 975 3497 interclusis
998 3435 1160 3498 neminem
1183 3440 1293 3517 postea

315 3701 331 3753 9
350 3715 398 3754 suo
423 3699 538 3767 Wbe'tte3
558 3699 601 3753 sui
619 3698 659 3766 X3
678 3700 727 3753 del.
750 3699 840 3767 Stcpb.
874 3701 882 3768 ΗΗ
915 3701 945 3751 11
967 3699 1154 3766 petiueruntfl

314 3789 359 3844 29.
380 3791 404 3842 4.
425 3792 440 3844 5
465 3789 561 3857 quibus
652 3790 790 3842 curaverat
813 3788 862 3840 del.
889 3787 974 3840 Vielb.
1017 3789 1025 3856 ΗΗ
1066 3790 1082 3841 5
1107 3803 1172 3856 quas
1196 3788 1293 3842 Cacsar

231 3878 331 3945 Viam
351 3895 470 3946 quasque
483 3878 513 3930 X
542 3879 551 3946 ΗΗ
583 3877 761 3944 dcomplebat
774 3885 803 3944 ib
823 3877 1002 3945 compleuerat
1015 3898 1032 3930 ιι
1059 3881 1067 3943 ΗΗ
1092 3877 1169 3932 8aut
1187 3878 1291 3947 (prius)

223 3985 307 4036 orreo
331 3967 340 4031 ΗΗ
363 3967 379 4021 9
400 3967 574 4034 Conpluribus
591 3966 626 4034 03
646 3965 834 4034 Compluribus
848 3985 882 4036 tp3
903 3966 968 4020 Cum
982 3966 1103 4034 pluribus
1116 3967 1167 4034 Αβ4
1190 3970 1199 4032 Η
1231 3985 1293 4021 cum

224 4063 314 4123 emp
346 4057 354 4124 ΗΗ
387 4058 418 4108 11
439 4056 465 4108 id
484 4062 573 4123 corp
604 4056 613 4124 ΗΗ
646 4057 680 4107 14
698 4056 852 4110 reficiendas
872 4069 916 4108 eas
936 4056 996 4108 usui
1016 4059 1079 4109 suut
1096 4064 1113 4124 β
1145 4059 1154 4126 ΗΗ
1186 4059 1220 4111 15
1235 4057 1292 4110 hie-

225 4161 298 4198 mare
318 4165 335 4196 ιι
368 4147 376 4213 ΗΗ
407 4145 436 4196 in
454 4145 494 4197 his
512 4152 540 4212 ,⁴13
560 4145 601 4198 his
621 4145 662 4213 (iis
683 4145 715 4212 S)
734 4145 763 4196 in
782 4164 799 4195 ιι

313 4234 359 4289 30.
380 4234 396 4286 2
418 4233 547 4302 proelium
570 4235 603 4287 ad
627 4249 760 4287 caesarem
785 4253 814 4301 ας
838 4233 966 4302 proelium
990 4235 1090 4302 lactum
1113 4237 1146 4288 ad
1170 4251 1201 4288 ea
1225 4251 1291 4304 quae

224 4323 339 4376 iusserat
357 4338 448 4377 caesar
465 4323 618 4389 faciendass
649 4324 657 4391 ΗΗ
690 4324 752 4376 3et
771 4324 873 4391 equites
891 4330 919 4391 β;
940 4324 1041 4392 equites
1062 4345 1078 4376 ιι
1111 4327 1119 4393 ΗΗ
1157 4325 1292 4378 lfactum

224 4429 267 4480 φα
299 4413 307 4480 ΗΗ
338 4412 517 4480 Sperducere
537 4412 599 4464 HM
627 4411 635 4479 ΗΗ
667 4411 744 4464 anis
762 4411 844 4479 s(l?);
863 4413 895 4465 iis
915 4413 963 4480 ub3
983 4413 1005 4465 is
1024 4431 1042 4466 a
