3218 4812
353 230 395 292 98
750 243 855 300 BELLI
875 243 1016 300 GALLICI

353 406 508 491 plurimas
531 410 654 492 possint
676 409 781 473 hieme
805 427 903 472 naves
927 405 1140 472 aedificandas
1164 411 1352 490 ueteresque
1369 425 1423 472 rc·
1561 479 1562 488 χ

326 512 504 579 aficieudas
528 521 648 580 eruent
695 535 804 580 earum
827 515 959 578 modum
987 495 1187 596 formamque
1214 512 1456 580 demonstrate
1561 571 1562 574 ,

353 621 394 683 ad
417 622 611 687 celeritatem
639 622 793 688 onerandi
822 621 1107 704 subductionisque
1135 619 1229 704 paulo
1256 619 1333 683 iacit
1358 619 1422 682 hu-

353 715 507 810 miliores
535 748 630 812 quam
659 730 776 812 quibus
798 729 834 792 iu
861 735 970 792 nostro
998 729 1079 790 mari
1107 729 1154 790 uti
1183 726 1423 808 consuevimus,

352 839 448 917 atque
472 834 506 898 id
529 855 567 900 eo
590 838 706 920 magis,
734 835 820 919 quod
844 841 972 919 propter
1000 834 1131 924 crebras
1154 833 1421 896 commutationes

351 946 497 1005 aestuum
524 943 631 1006 minus
659 961 792 1026 magnos
824 942 871 1005 ibi
898 941 1015 1005 fluctus
1042 939 1113 1004 fieri
1140 944 1344 1024 cognoverat,
1378 939 1420 1002 ad

352 1068 450 1113 onera
472 1067 508 1112 ac
531 1049 771 1113 multitudinem
794 1051 1009 1112 iumentorum
1026 1046 1300 1131 transportandam
1321 1046 1419 1130 paulo
1438 1071 1471 1114 ao
1561 1029 1562 1040 ἵ

322 1155 491 1237 elatiores,
519 1176 615 1240 quam
644 1157 762 1239 quibus
788 1157 824 1218 iu
851 1156 983 1239 reliquis
1011 1155 1133 1219 utimur
1160 1154 1310 1218 maribus.
1361 1153 1420 1217 has

351 1281 462 1326 omues
493 1264 651 1326 actuarias
688 1264 824 1346 imperat
859 1262 942 1344 fieri,
978 1281 1074 1344 quam
1107 1261 1148 1324 ad
1179 1281 1246 1325 rem
1278 1260 1419 1324 multum

322 1392 336 1432 1
350 1370 513 1433 humilitas
538 1370 677 1433 adiuvat
716 1390 766 1453 ea,
792 1389 873 1452 quae
889 1374 966 1434 sunt
981 1371 1055 1434 usui
1072 1369 1112 1433 ad
1128 1368 1295 1432 armandas
1310 1387 1419 1449 naves

323 1497 391 1540 aex
424 1476 580 1560 Hispania
614 1476 774 1561 adportari
806 1476 902 1541 iubet.
953 1478 1020 1560 ipse
1048 1476 1262 1539 conventibus
1295 1474 1418 1538 Galliae

350 1584 506 1648 citerioris
520 1586 655 1667 peractis
671 1586 705 1647 in
721 1584 888 1665 illyricum
901 1583 1127 1667 proficiscitur,
1144 1582 1230 1666 quod
1247 1602 1265 1646 a
1280 1582 1418 1646 Pirustis
1434 1605 1467 1645 as

349 1691 519 1755 finitimam
534 1697 654 1774 partem
671 1692 854 1774 provinciae
871 1686 1108 1754 incursionibus
1123 1689 1242 1754 vastari
1260 1687 1417 1752 audiebat.

322 1818 387 1862 seo
412 1818 485 1860 cum
508 1798 660 1879 venisset,
684 1798 869 1862 civitatibus
891 1798 1007 1861 milites
1030 1799 1165 1876 imperat
1181 1801 1367 1878 certumque
1382 1797 1418 1858 in

323 1905 457 1969 alocum
480 1905 652 1967 convenire
675 1903 771 1969 iubet.
819 1923 882 1985 qua
904 1924 938 1968 re
962 1905 1110 1966 nuntiata
1127 1904 1274 1967 Pirustae
1297 1903 1418 1985 legatos

350 2010 390 2073 ad
415 2028 489 2073 eum
511 2011 656 2091 mittunt,
681 2012 736 2092 qui
761 2012 896 2074 doceant
918 2011 999 2073 nihil
1023 2030 1134 2075 earum
1156 2029 1264 2074 rerum
1287 2010 1417 2093 publico

348 2117 470 2179 factum
494 2116 628 2180 consilio
658 2136 790 2201 seseque
818 2121 944 2201 paratos
971 2137 1039 2182 esse
1069 2117 1286 2181 demonstrent
1314 2117 1417 2179 omni·
1431 2135 1464 2178 ao

321 2222 410 2289 abus
434 2222 611 2286 rationibus
634 2224 673 2287 de
697 2225 825 2288 iniuriis
849 2223 1055 2288 satisfacere.
1102 2228 1250 2306 percepta
1273 2224 1417 2287 oratione

349 2349 460 2393 eorum
496 2328 610 2393 Caesar
643 2331 770 2395 obsides
801 2333 936 2413 imperat
969 2349 1087 2413 eosque
1115 2329 1154 2392 ad
1187 2335 1304 2393 certam
1331 2328 1416 2393 diem

350 2436 466 2499 adduci
489 2436 592 2516 iubet3
617 2437 680 2500 nisi
702 2439 747 2499 ita
769 2438 915 2518 fecerint,
939 2456 1008 2501 sese
1031 2436 1115 2499 bello
1132 2437 1291 2499 civitatem
1310 2453 1417 2518 perse-

321 2547 500 2607 oouturum
523 2543 726 2606 demonstrat.
772 2545 811 2606 iis
835 2544 873 2607 ad
899 2544 982 2607 diem
1007 2543 1165 2623 adductis,
1189 2551 1225 2606 ut
1240 2543 1417 2626 imperave-

348 2655 410 2732 rat,
435 2649 569 2712 arbitros
591 2650 676 2714 inter
699 2651 842 2713 civitates
867 2650 932 2731 dat,
960 2652 1013 2732 qui
1038 2651 1127 2714 litem
1152 2650 1319 2713 aestiment
1341 2667 1416 2732 poe·
1431 2666 1462 2709 as

349 2775 487 2839 namque
510 2758 713 2820 constituant.

312 2878 330 2932 2
437 2863 498 2927 His
522 2863 675 2928 coniectis
697 2863 794 2928 rebus
818 2863 1093 2945 conventibusque
1119 2864 1253 2946 peractis
1281 2864 1316 2925 in
1340 2865 1443 2927 cite-r

347 2971 464 3032 riorem
488 2970 623 3034 Galliam
646 2974 817 3036 revortitur
840 2977 935 3054 atque
957 2972 1034 3034 inde
1058 2970 1097 3032 ad
1122 2972 1299 3034 exercitum
1322 2969 1416 3053 profi-

321 3076 485 3142 aciscitur.
538 3096 575 3140 eo
611 3098 683 3140 cum
712 3080 865 3159 venisset,
894 3078 1070 3140 circumitis
1099 3077 1246 3140 omnibus
1274 3076 1416 3141 hibernis

349 3181 505 3264 singulari
528 3183 666 3245 militum
690 3183 794 3246 studio
819 3186 854 3247 in
878 3204 1002 3247 summa
1027 3184 1169 3246 omnium
1185 3203 1292 3247 rerum
1308 3184 1419 3266 inopia

438 3374 576 3442 ipossiut
594 3375 664 3443 HM3
683 3379 792 3445 possent
809 3376 840 3430 X
874 3378 882 3445 l!
919 3379 1077 3430 bomarent
1096 3397 1112 3428 u
1153 3379 1162 3443 {t
1203 3376 1365 3430 demonstrat
1384 3395 1417 3444 a;

279 3487 281 3492 ·
348 3463 543 3530 monstrauitai
574 3467 582 3530 ll
619 3465 889 3534 dsubductionisque
913 3465 1015 3533 Oiacc.;
1040 3465 1280 3534 subductionesque
1298 3465 1329 3518 X
1357 3466 1366 3534 ll
1398 3465 1417 3518 9

348 3553 446 3605 fluctus
464 3552 536 3620 iota
567 3555 575 3623 ll
608 3555 642 3608 10
660 3570 690 3608 ac
708 3561 737 3621 β;
756 3555 790 3608 ad
804 3575 820 3606 11
847 3557 855 3624 tl
883 3557 914 3607 11
934 3554 1042 3609 latiores
1056 3575 1085 3622 u;
1105 3555 1245 3621 altioresp
1276 3558 1285 3626 ll
1316 3555 1419 3609 utimur

349 3641 466 3694 maribus
485 3661 515 3710 ας
534 3643 650 3697 maribus
669 3644 709 3697 uti
727 3645 939 3712 adsueuerantfl
971 3644 978 3712 lt
1013 3645 1045 3697 12
1065 3646 1098 3698 ad
1118 3661 1198 3714 quam
1216 3651 1308 3711 remfl
1340 3645 1349 3713 ll
1381 3644 1414 3697 13

348 3731 523 3800 adiuuabatp
554 3733 563 3803 ll
594 3733 655 3787 usui
674 3736 770 3800 suntss
806 3734 814 3802 lt
852 3734 1113 3802 ldlpseu31tafl
1150 3736 1157 3802 ll
1195 3736 1228 3788 15
1251 3733 1360 3802 pirustis
1384 3749 1417 3798 α’,

348 3820 474 3888 piratisss
513 3823 522 3890 [1
559 3822 728 3892 18pirustae
748 3842 778 3888 (ις
806 3826 916 3891 pyratae
936 3823 994 3891 (pir.
1014 3823 1088 3890 fbss
1128 3826 1136 3894 I!
1181 3823 1215 3878 20
1234 3823 1418 3876 demonstrent

352 3908 455 3976 Ciacc.;
474 3911 655 3965 demonstrant
673 3912 703 3964 X
733 3913 741 3980 ll
774 3912 805 3965 21
827 3912 971 3966 rationibus
991 3918 1079 3978 obad
1111 3913 1118 3980 ll
1150 3911 1280 3980 Percepta
1298 3910 1417 3965 oratione

348 4017 378 4064 ‹c3
397 4001 513 4067 Accepta
530 3999 630 4054 ratione
649 4008 666 4067 β
697 4001 705 4068 ll
738 4001 772 4053 24
791 4001 841 4054 His
860 4001 885 4068 f;
903 4001 954 4054 hiis
977 4000 1042 4069 φας
1060 4000 1089 4054 is
1108 4002 1129 4069 l;
1149 4019 1201 4054 om.
1223 4002 1246 4054 S

376 4133 381 4139 .
435 4087 463 4143 2.
489 4089 502 4140 1
527 4088 565 4142 lis
589 4109 607 4141 o
643 4091 651 4158 ΙΙ
688 4091 704 4142 3
729 4090 872 4143 circumitis
895 4098 924 4158 ss3
950 4091 1068 4144 circuitis
1092 4111 1109 4142 u
1147 4091 1159 4158 ,ll
1200 4093 1329 4145 irarum
1357 4106 1415 4143 om·

347 4177 455 4244 niumfl
