3126 4968
523 549 630 604 LIBER
647 549 697 604 ΙΠ.
717 550 793 604 CAP.
814 550 927 604 26-29.
1216 537 1257 597 75

156 714 333 778 sceleriter
365 712 479 776 confici
514 733 606 796 posse
645 731 682 776 eo
718 714 895 776 exercitum
928 712 1035 792 duxit3
1075 713 1130 794 qui
1161 713 1257 796 louge

189 821 252 883 alia
282 820 404 883 ratione
435 839 472 882 eo
508 820 624 901 reliqui
660 819 743 882 Galli
774 819 896 883 bellum
932 838 1042 903 gerere
1075 824 1258 902 coeperunt.

187 947 264 990 nam
288 927 373 1008 quod
396 926 626 1010 intellegebant
653 927 809 989 maximas
837 927 996 1007 nationes,
1027 945 1108 1007 quae
1136 925 1286 1008 proelioa

188 1032 441 1114 contendissent,
478 1033 586 1115 pulsas
624 1038 850 1116 superatasque
887 1051 955 1096 esse
993 1033 1258 1114 continentesque

188 1141 284 1203 silvas
308 1160 344 1203 ac
368 1134 499 1222 paludes
523 1138 695 1222 habebant,
720 1159 757 1203 eo
781 1159 815 1203 se
839 1159 961 1223 suaque
987 1141 1094 1203 omnia
1118 1140 1259 1202 contule·

142 1271 175 1312 10
188 1252 271 1310 runt.
318 1247 357 1309 ed
382 1267 518 1331 quarum
540 1247 669 1310 initium
693 1247 847 1310 silvarum
870 1266 944 1310 cum
968 1245 1082 1310 Caesar
1096 1248 1286 1330 pervenis-3

188 1359 236 1418 set
259 1359 424 1435 castraque
446 1354 573 1416 munire
587 1354 778 1417 instituisset
793 1373 898 1434 neque
914 1353 1014 1416 hostis
1025 1354 1155 1417 interim
1171 1353 1259 1416 visus

188 1466 282 1542 esset,
306 1460 458 1543 dispersis
481 1462 515 1523 in
539 1479 632 1543 opere
656 1461 773 1523 nostris
796 1460 901 1523 subito
925 1479 966 1524 ex
991 1460 1139 1523 omnibus
1162 1461 1259 1543 parti-

188 1568 248 1630 bus
277 1568 376 1651 silvae
404 1567 613 1630 evolaverunt
645 1572 677 1631 et
708 1568 742 1630 in
769 1572 895 1630 nostros
923 1569 1078 1650 impetum
1105 1568 1257 1631 fecerunt.

189 1675 289 1737 nostri
313 1674 458 1738 celeriter
482 1693 568 1737 arma
585 1679 738 1757 ceperunt
761 1693 879 1757 eosque
901 1675 936 1737 in
960 1674 1056 1737 silves
1071 1674 1287 1757 repulenmtr

144 1803 175 1846 15
189 1787 221 1845 et
244 1781 462 1864 compluribus
484 1781 659 1845 interfectis
682 1781 810 1865 longius
833 1780 1087 1864 impeditioribus
1110 1781 1188 1844 locis
1211 1801 1259 1844 se-

149 1911 161 1952 1
190 1890 256 1952 cuti
277 1907 396 1972 paucos
420 1907 460 1951 ex
485 1889 552 1952 suis
569 1888 827 1971 deperdiderunt.
866 1888 1010 1970 Reliquis
1027 1889 1176 1971 deinceps
1193 1887 1258 1950 die·
1277 1902 1314 1957 29

190 1994 250 2058 bus
274 1994 388 2059 Caesar
410 1996 507 2059 silves
531 1996 663 2059 caedere
687 1995 839 2076 instituit,
863 2000 896 2058 et
917 2014 959 2058 ne
984 1996 1057 2076 quis
1080 1994 1259 2058 inermibus

189 2102 511 2186 imprudentibusque
533 2102 691 2166 militibus
715 2103 753 2166 ab
777 2103 874 2166 latere
897 2103 1036 2185 impetus
1059 2101 1130 2165 fieri
1144 2108 1259 2186 posset,

189 2228 317 2272 omnem
346 2228 415 2272 eam
443 2211 621 2292 materiam,
656 2230 737 2292 quac
766 2215 834 2274 eret
860 2225 965 2291 caesa,
1000 2228 1187 2273 conversam
1220 2210 1260 2272 ad

141 2339 160 2380 s
188 2317 312 2380 hostem
336 2316 521 2379 conlocabat
544 2321 575 2380 et
598 2336 655 2400 pro
679 2318 763 2379 vallo
780 2318 819 2381 ad
837 2322 1010 2400 utrumque
1031 2317 1114 2379 latus
1131 2321 1260 2380 extrue-

188 2423 249 2485 bat.
289 2423 471 2486 incredibili
494 2423 656 2487 celeritate
673 2443 787 2507 magno
804 2426 905 2507 spatio
928 2425 1039 2507 paucis
1056 2423 1168 2486 diebus
1185 2442 1259 2486 con·
1274 2446 1287 2486 2

187 2531 284 2611 fecto,
309 2549 382 2592 curn
397 2531 462 2592 iam
477 2549 574 2613 pecus
596 2536 690 2612 atque
707 2535 851 2595 extrema
865 2531 1093 2614 impedimenta
1109 2551 1127 2593 e
1142 2532 1259 2593 nostris

188 2642 387 2720 tenerentur,
412 2638 474 2720 ipsi
498 2638 660 2701 densiores
684 2639 780 2701 silvas
803 2643 961 2721 peterent,
985 2637 1162 2701 eiusmodi
1185 2643 1260 2700 sunt

188 2748 389 2827 tempestates
409 2750 609 2826 consecutae,
632 2745 681 2808 uti
698 2764 778 2828 opus
794 2746 972 2808 necessario
996 2746 1260 2809 intermitteretur

142 2871 174 2913 10
189 2857 220 2914 et
244 2852 482 2915 continuatione
506 2851 657 2914 imbrium
682 2851 802 2916 diutius
821 2852 880 2915 sub
896 2851 1035 2935 pellibus
1050 2852 1167 2916 milites
1183 2872 1259 2915 con-

188 2958 283 3020 tineri
308 2977 374 3020 non
396 2963 532 3041 possent.
579 2960 687 3040 itaque
710 2960 841 3022 vastatis
866 2959 1014 3021 omnibus
1031 2977 1141 3020 eorum
1166 2960 1286 3041 agrisa

188 3065 268 3128 vicis
292 3064 509 3145 aedificiisque
532 3066 674 3128 incensis
698 3063 813 3128 Caesar
831 3067 1008 3129 exercitum
1031 3066 1161 3129 reduxit
1177 3066 1257 3128 etin

188 3170 335 3234 Aulercis
358 3171 587 3254 Lexoviisque‚
610 3173 743 3255 reliquis
767 3174 843 3236 item
867 3172 1063 3254 civitatibus,
1089 3191 1171 3255 quae
1187 3191 1258 3256 pro-

188 3279 275 3342 xime
299 3278 417 3342 bellum
440 3279 595 3361 fecerent,
617 3280 652 3341 in
675 3279 818 3342 hibernis
842 3278 1028 3342 conlocavit.

278 3512 294 3564 5
314 3509 407 3563 confici
430 3509 550 3562 celeriter
573 3528 607 3574 π;
632 3509 752 3563 celeriter
775 3527 864 3581 emp
896 3511 904 3578 l
936 3510 1013 3564 dunt
1030 3517 1058 3576 {³3
1083 3510 1194 3563 adduxit
1214 3529 1231 3560 α
1251 3507 1259 3579 ll

184 3599 314 3667 dgerere
334 3601 477 3666 coeperunt
490 3617 520 3665 “3
539 3615 617 3668 agere
636 3599 836 3665 institucione
867 3600 875 3664 ll
908 3600 1005 3652 lnam
1024 3605 1107 3664 onapl
1137 3597 1145 3669 ll
1177 3600 1259 3667 bpa-

183 3688 275 3756 ludes]
294 3697 361 3756 quas
379 3688 477 3754 addfl
509 3689 517 3757 ll
550 3688 584 3742 10
603 3704 694 3742 caesor
712 3695 808 3755 eumd
839 3693 848 3757 ll
881 3689 916 3742 14
934 3687 1029 3741 siluam
1048 3687 1083 3758 pf
1109 3688 1117 3756 ll
1151 3689 1184 3742 16
1204 3687 1259 3740 dis·

186 3776 358 3844 perdiderunt
376 3795 398 3829 π

277 3866 323 3921 29.
344 3868 367 3918 1.
388 3866 404 3918 2
423 3865 515 3919 diebus
534 3874 622 3933 emp
658 3866 667 3934 ll
704 3866 824 3933 iant;
849 3866 881 3920 ab
901 3886 918 3917 a
954 3866 962 3933 ll
998 3864 1023 3918 8.
1044 3866 1060 3920 9
1085 3868 1259 3933 tempestates

183 3958 286 4022 suntp
322 3954 330 4022 ll
366 3955 467 4022 cute
503 3955 511 4023 ll
548 3956 582 4007 12
601 3954 698 4009 Caesar
716 3963 805 4023 cnop
841 3954 849 4026 ll
885 3955 992 4008 reduxit
1008 3961 1037 4022 β;
1065 3955 1191 4022 perduxit
1210 3975 1227 4007 a
1250 3954 1259 4026 ll

190 4043 437 4112 1310x0biisquea
465 4043 473 4114 ll
501 4043 651 4098 ciuitatibus
669 4045 711 4112 αὴ
730 4044 757 4097 in
775 4044 963 4110 ciuitatibusss
991 4043 999 4115 ll
1028 4045 1120 4097 13.14
1139 4044 1259 4112 proxime

183 4140 217 4200 β;
237 4132 392 4201 niaxim(ale
412 4153 429 4184 a

617 4333 831 4342 ψ,
