3218 4812
552 462 659 516 LIBER
676 463 740 517 IIII.
761 463 836 517 olP.
857 463 977 518 23-26.
1257 448 1297 510 91

230 645 392 689 remorum
414 629 503 689 motu
527 629 558 688 et
581 627 731 689 inusitato
760 645 876 709 genere
904 631 1134 689 tormentorum
1162 628 1299 709 permoti

230 733 357 796 barbari
379 734 591 796 constiterunt
614 752 651 795 ac
673 733 805 816 paulum
833 734 928 796 etiam
955 732 1069 816 pedem
1097 733 1297 796 rettulerunt.

189 864 216 905 ro
230 846 325 921 atque
347 841 464 902 nostris
479 839 634 902 militibus
651 839 891 920 cunctantibus,
914 840 1053 904 maxime
1077 845 1205 923 propter
1229 839 1325 904 alti-e

229 947 373 1010 tudinem
396 947 506 1028 mario,
531 948 588 1029 qui
609 947 651 1009 X.
676 946 813 1029 legionis
837 947 978 1027 aquilam
1000 946 1135 1029 ferebat,
1163 945 1299 1010 obtesta

228 1059 281 1117 tas
310 1054 397 1137 deos,
428 1058 527 1116 ntea
554 1072 604 1116 res
631 1053 751 1136 legioni
777 1053 912 1117 feliciter
945 1055 1101 1117 eveniret:
1137 1053 1298 1135 ‘desilite’,

228 1161 348 1242 inquit,
364 1160 622 1242 ‘commilitones,
639 1161 703 1222 uisi
718 1161 816 1224 vultis
833 1161 972 1243 aquilam
988 1160 1134 1223 hostibus
1150 1160 1297 1243 prodere,

230 1287 287 1352 ego
317 1272 401 1331 certe
428 1287 537 1330 meum
564 1269 611 1330 rei
641 1267 787 1350 publicae
821 1271 918 1350 atque
944 1268 1128 1350 imperatori
1157 1267 1299 1330 officium

189 1397 215 1438 rs
228 1373 432 1457 praestitero'
479 1374 538 1436 hoc
566 1395 641 1437 eum
668 1393 746 1437 voce
773 1394 889 1458 magna
916 1375 1063 1456 dixisset,
1092 1393 1126 1437 se
1154 1393 1196 1437 ex
1224 1376 1326 1438 navic

229 1482 364 1564 proiecit
386 1487 481 1562 atque
503 1482 540 1544 in
562 1481 668 1544 hostes
692 1482 831 1564 aquilam
854 1481 937 1545 ferre
953 1482 1064 1565 coepit.
1111 1485 1180 1543 tum
1196 1482 1325 1546 nostrie

229 1589 385 1651 cohortati
406 1589 491 1650 inter
513 1606 561 1668 se,
588 1607 630 1651 ne
654 1592 781 1651 tantum
805 1587 943 1652 dedecus
967 1588 1198 1670 admitteretur,
1226 1589 1298 1650 uni-

229 1697 314 1759 versi
337 1714 377 1758 ex
401 1696 476 1757 navi
492 1694 699 1758 desiluerunt.
738 1696 796 1758 hos
819 1697 897 1759 item
921 1715 961 1759 ex
984 1696 1140 1778 proximis
1163 1694 1325 1779 [primisle

228 1802 365 1866 navibus
389 1821 463 1865 eum
486 1803 739 1885 conspexissent,
768 1802 932 1866 subsecuti
954 1802 1100 1866 hostibus
1129 1803 1298 1884 adpropin-

202 1914 417 1991 rquaverunt.
456 1909 639 1993 Pugnatum
652 1914 699 1972 est
711 1910 750 1972 ab
761 1911 907 1990 utrisque
924 1910 1046 1973 acriter.
1070 1910 1173 1972 nostri
1183 1914 1297 1991 tamen,
1316 1922 1352 1978 26

231 2016 316 2098 quod
339 2035 445 2098 neque
469 2016 596 2080 ordines
617 2034 743 2080 servare
760 2035 865 2097 neque
881 2015 1014 2080 firmiter
1029 2017 1177 2080 insistere
1192 2034 1297 2097 neque

229 2125 321 2206 signa
344 2123 496 2206 subsequi
520 2128 666 2206 poterant
693 2128 789 2206 etque
813 2123 895 2186 alius
919 2123 983 2187 alia
1006 2142 1047 2186 ex
1072 2125 1147 2186 navi
1167 2124 1298 2206 quibus-

229 2249 367 2312 cumque
384 2231 484 2313 signis
500 2235 681 2293 occurrerat
696 2249 730 2294 se
746 2230 951 2313 adgregabat,
968 2249 1160 2313 magnopere
1175 2235 1298 2314 pertur-

200 2336 400 2416 5babantur;
425 2338 532 2400 hostes
557 2356 632 2401 vero
656 2339 739 2400 notis
764 2337 913 2400 omnibus
936 2338 1036 2420 vadis,
1061 2337 1117 2400 ubi
1141 2357 1182 2400 ex
1205 2339 1325 2401 litorea

229 2443 352 2525 aliquos
377 2445 556 2527 singulares
579 2464 622 2508 ex
643 2446 720 2506 navi
749 2445 946 2527 egredientes
975 2449 1220 2527 conspexerant,
1248 2445 1297 2506 in-

228 2551 333 2613 citatis
361 2552 452 2634 equis
479 2552 647 2634 impeditos
681 2551 919 2633 adoriebantur,
951 2551 1059 2634 plures
1087 2571 1205 2635 paucos
1238 2553 1325 2615 cir-e

228 2658 468 2740 cumsistebant,
493 2659 548 2720 alii
572 2658 733 2722 ablatem
757 2663 865 2741 aperto
889 2660 922 2720 in
947 2659 1115 2722 universos
1143 2659 1206 2722 tela
1233 2660 1297 2721 coi-

229 2764 362 2827 ciebant.
410 2766 591 2846 quodcum
617 2764 893 2829 animadvertisset
916 2763 1043 2848 Caesar,
1072 2766 1204 2848 scaphas
1228 2766 1325 2828 lon-4

188 2891 342 2954 rugarum
356 2873 496 2954 navium,
513 2873 589 2935 item
605 2873 816 2955 speculatoria
831 2873 960 2953 navigia
974 2871 1129 2934 militibus
1146 2872 1298 2954 compleri

228 2979 333 3062 iussit,
357 2984 389 3042 et
413 2999 493 3061 quos
516 2979 696 3042 laborantes
725 2983 946 3062 conspexerat,
975 2979 1025 3041 his
1053 2977 1197 3040 subsidia
1223 2978 1297 3041 sub-

228 3086 380 3149 mittebat.
426 3087 540 3167 nostri,
564 3087 659 3149 simul
681 3088 716 3149 in
732 3087 821 3149 arido
837 3087 1048 3148 constiterimt
1064 3087 1131 3148 suis
1148 3085 1324 3150 omnibuss

228 3194 420 3274 consecutis,
443 3194 478 3256 in
493 3193 600 3256 hostes
615 3194 769 3275 impetum
785 3193 930 3256 fecerunt
945 3197 1039 3275 atque
1059 3211 1113 3256 eos
1136 3194 1172 3255 in
1186 3192 1296 3276 fugam

228 3298 398 3380 dederunt,
422 3318 528 3381 neque
552 3300 678 3382 longius
695 3301 845 3383 prosequi
860 3305 1046 3383 potuerunt,
1071 3301 1156 3382 quod
1173 3301 1296 3382 equites

187 3425 357 3470 recursum
381 3412 489 3470 tenere
512 3413 608 3490 atque
631 3408 770 3470 insulam
793 3426 904 3491 capere
928 3427 994 3470 non
1016 3410 1193 3490 potuerant.
1235 3407 1297 3469 hoc

317 3673 433 3726 9etiam
452 3672 522 3740 HM;
541 3674 619 3726 modo
638 3672 669 3725 X
698 3673 706 3741 tl
740 3674 774 3728 10
793 3674 880 3742 Atque
894 3690 922 3738 ας
941 3674 1006 3739 Atss
1037 3673 1045 3741 11
1078 3672 1295 3725 ii.l2obtesta-

226 3765 271 3814 tus
291 3763 313 3830 (-
335 3763 379 3814 tur
397 3762 425 3830 a)
444 3768 473 3829 ft,
502 3763 665 3816 contestatus
685 3781 702 3813 a
743 3763 751 3830 ll
795 3753 833 3815 13'
850 3761 1042 3815 commilitones
1064 3769 1093 3828 β;
1122 3760 1218 3814 mihies
1243 3781 1261 3812 α
1288 3760 1296 3832 t

226 3850 349 3904 hostibus
367 3869 455 3920 enac
487 3852 496 3920 t
534 3853 566 3906 15
586 3868 621 3904 ex
639 3851 702 3905 naui
721 3858 784 3918 sep
825 3852 833 3918 lt
875 3851 909 3904 18
928 3857 978 3917 ert
1013 3851 1022 3918 ΙΙ
1059 3851 1215 3905 desilierunt
1233 3851 1270 3904 ab
1288 3850 1296 3921 t

226 3939 319 4007 primis
337 3940 387 3994 det.
407 3939 499 3993 Hotm.
532 3940 540 4008 ΙΙ
574 3941 615 3995 19.
636 3941 671 3995 20
689 3941 966 4008 adpropinquauerunt
986 3940 1035 4008 Spu
1054 3940 1297 4008 adpropinquarunt

220 4047 255 4097 23
275 4029 515 4097 adpropinquarent
533 4028 594 4081 ΒΜ
750 4043 752 4048 ·

316 4118 361 4174 26.
382 4120 398 4172 3
418 4125 467 4185 ert
503 4119 511 4186 Η
547 4119 678 4188 dmagno
703 4135 781 4186 opere
803 4117 903 4188 s¹h(t.2)
945 4122 953 4184 ll
994 4120 1018 4172 4.
1040 4119 1298 4188 bperturbabantur

228 4206 325 4274 SM²l33
353 4207 540 4276 perturbantur
568 4227 585 4259 a
630 4209 638 4276 ΙΙ
682 4210 699 4262 6
727 4213 835 4275 naues
878 4207 887 4277 t
930 4208 1004 4262 8ab
1025 4208 1107 4262 latere
1131 4211 1222 4277 aperto
1246 4209 1295 4262 dcl.

225 4295 390 4350 *HJMttllcr
421 4298 429 4366 ll
461 4297 478 4350 9
497 4297 615 4350 animum
634 4297 793 4350 aduertisset
810 4304 828 4365 β
850 4299 859 4361 {l
883 4299 916 4351 15
935 4299 1076 4366 potuerant
1090 4298 1183 4366 Lice,
1203 4301 1297 4366 potue-

226 4387 288 4438 runt
306 4385 336 4438 X
