3214 4812
263 325 331 388 240
668 338 771 392 BldLLl
790 337 932 392 GALLICI

266 503 372 566 hortes
387 503 530 584 undique
545 503 699 585 impetum
714 501 834 566 faciunt
850 501 1064 584 omnibusque
1085 505 1140 564 aut
1159 500 1334 566 interfectis

266 614 323 672 aut
342 611 440 692 captis
459 628 575 692 magna
589 607 708 692 praeda
722 608 896 692 potiuntur.
936 609 1059 691 capitur
1073 609 1142 691 ipse
1159 626 1196 672 eo
1212 608 1333 692 proelio

267 713 417 799 Drappes,

206 829 248 884 37
358 820 509 886 Caninius
536 822 717 886 felicissime
744 841 779 886 re
802 827 890 906 gesta
913 822 982 886 sine
1005 821 1071 884 ullo
1100 841 1201 905 paene
1224 822 1361 887 militiai

240 929 400 994 avulnere
432 928 472 991 ad
505 928 697 992 obsidendos
730 929 903 1012 oppidanos
934 929 1104 992 revertitur
1136 934 1334 1011 externoque

268 1037 358 1100 hoste
391 1036 507 1118 deleto,
544 1037 635 1099 ouius
667 1035 780 1098 timore
813 1041 905 1099 anteo
938 1035 1080 1099 dividere
1112 1037 1272 1119 praesidia
1303 1041 1336 1100 et

267 1143 446 1206 munitione
479 1143 652 1226 oppidanos
687 1142 882 1206 circumdare
915 1141 1092 1225 prohibitus
1125 1148 1204 1225 erat,
1240 1162 1336 1226 opera

237 1249 411 1331 aundique
435 1249 571 1332 imperat
593 1248 816 1312 administrari.
854 1251 943 1313 venit
965 1248 1077 1314 eodem
1098 1269 1172 1314 oum
1193 1251 1260 1313 suis
1284 1268 1362 1313 cos

267 1357 328 1440 piis
355 1362 480 1440 postero
514 1356 567 1419 die
602 1353 633 1418 C.
657 1355 774 1419 Fabius
805 1361 992 1439 partemque
1025 1356 1133 1440 oppidi
1166 1358 1264 1421 sumit
1295 1357 1336 1420 ad

269 1462 489 1527 obsidendum.

206 1586 249 1642 38
358 1568 472 1634 Caesar
494 1569 624 1634 interim
645 1568 686 1632 M.
704 1569 881 1632 Antonium
905 1575 1104 1651 quaestorem
1128 1589 1201 1634 cum
1224 1571 1362 1635 cohor-1

269 1678 353 1741 tibus
374 1677 439 1740 XV
459 1677 494 1739 in
509 1675 687 1740 Bellovacis
707 1675 872 1758 relinquit,
896 1694 936 1739 ne
960 1695 1022 1758 qua
1045 1695 1155 1739 rursus
1179 1695 1336 1740 novorum

240 1784 473 1850 cconsiliorum
493 1782 722 1865 capiendorum
741 1781 849 1866 Belgis
869 1782 1002 1846 facultas
1024 1782 1160 1848 daretur.
1194 1777 1265 1866 'ipse
1286 1804 1335 1848 re-

268 1892 372 1974 liquas
391 1891 535 1959 civitates
554 1890 632 1970 adit,
656 1889 782 1954 obsides
801 1889 909 1973 plures
926 1890 1073 1972 imperat,
1097 1891 1245 1954 timentes
1269 1910 1335 1953 om·

235 1999 359 2063 eninm
375 1988 498 2060 animos
514 1996 730 2060 consolatione
747 2000 845 2060 sanat.
880 2016 953 2059 cum
969 1997 1003 2058 in
1020 1994 1173 2061 Carnutes
1187 1999 1335 2080 venisset,
1349 2017 1362 2059 s

269 2123 407 2185 quorum
425 2105 459 2166 in
478 2104 607 2168 civitate
628 2104 790 2186 superiore
810 2105 1037 2167 commentario
1054 2103 1169 2168 Caesar
1188 2106 1337 2188 exposuit

269 2211 397 2274 initium
420 2210 496 2274 belli
520 2229 588 2274 esse
608 2214 726 2290 ortum,
751 2211 837 2292 quod
855 2211 1024 2294 praecipue
1043 2229 1097 2275 eos
1115 2217 1244 2294 propter
1262 2231 1336 2275 con-

268 2318 435 2382 scientiam
462 2317 537 2380 faoti
560 2318 671 2380 timere
695 2317 980 2398 animadvertebat,
1010 2336 1072 2399 quo
1097 2318 1231 2383 celerius
1259 2320 1336 2382 civi-

270 2429 367 2488 tatem
390 2426 503 2488 timore
526 2424 686 2505 liberaret,
714 2424 891 2507 principem
915 2424 1042 2488 sceleris
1065 2425 1151 2488 illius
1176 2431 1208 2489 et
1230 2427 1336 2490 conci-

236 2552 257 2594 e
270 2535 402 2593 tutorem
420 2529 510 2610 belli,
535 2529 718 2612 Cotuatum,
743 2530 781 2592 ad
801 2530 993 2614 supplicium
1014 2531 1162 2615 deposcit.
1203 2533 1258 2613 qui
1278 2535 1336 2596 etsi
1351 2551 1377 2592 zo

270 2655 310 2702 ne
329 2636 460 2699 civibus
485 2635 613 2718 quidem
641 2637 709 2699 suis
737 2655 770 2700 se
799 2638 1030 2718 committebat,
1057 2643 1164 2702 tamen
1192 2639 1337 2703 colenter

236 2743 412 2810 somnium
437 2762 513 2806 cura
538 2743 700 2824 quaesitus
727 2745 763 2806 in
787 2749 888 2808 castra
914 2744 1108 2828 perducitur.
1154 2747 1278 2827 cogitur
1301 2747 1338 2812 in

270 2852 339 2914 eius
373 2849 565 2933 supplicium
599 2855 710 2914 contra
740 2856 889 2914 naturam
924 2870 1014 2914 suem
1047 2850 1161 2915 Caesar
1195 2852 1336 2916 maximo

269 2956 408 3020 militum
436 2975 606 3039 concursu,
640 2957 695 3039 qui
724 2959 752 3020 ei
780 2957 888 3021 omnia
914 2957 1057 3040 pericula
1088 2962 1119 3020 et
1146 2957 1338 3022 detrimenta

270 3062 346 3127 belli
370 3062 400 3147 [a
424 3062 591 3147 Gutruato]
616 3069 744 3147 accepta
766 3064 956 3154 referebant,
985 3063 1063 3128 adeo
1092 3069 1127 3127 ut
1149 3065 1337 3130 verberibus
1352 3083 1378 3124 u

265 3170 487 3232 exanimatum
510 3189 625 3253 corpus
649 3171 754 3234 securi
776 3171 931 3234 feriretur.

104 2579 134 2630 1

360 3362 402 3415 23.
422 3363 527 3432 draptes
548 3363 585 3430 Sp]

358 3451 405 3507 37.
422 3453 435 3504 1
451 3469 479 3504 re
489 3451 640 3506 felicissime
652 3451 689 3519 Sd
711 3452 720 3521 ll
744 3452 795 3506 Lt‘
809 3451 920 3507 uulnere
931 3453 1022 3507 militis
1033 3471 1055 3505 π
1080 3454 1088 3522 tl
1115 3455 1131 3508 3
1145 3458 1222 3508 antea
1235 3472 1287 3508 om.
1300 3454 1338 3522 Sd

358 3539 405 3596 38.
427 3540 443 3592 2
460 3540 515 3595 XV
532 3539 600 3608 BM;
620 3541 691 3594 ,xii
706 3540 752 3610 pf,
770 3540 846 3594 XVI.
867 3542 905 3610 Sp
929 3543 938 3611 ΙΙ
963 3543 990 3595 in
1004 3541 1086 3611 belgis
1098 3543 1159 3596 ΒΜ
1177 3545 1185 3613 ll
1213 3543 1338 3613 relinquit

269 3646 305 3698 φ;
324 3628 430 3698 reliquit
443 3636 481 3698 χβ
512 3630 521 3698 ΙΙ
553 3630 774 3698 {incipiendorum
794 3630 877 3698 belgis
898 3649 927 3698 ας
946 3632 976 3684 ad
991 3632 1148 3699 capiendum
1161 3632 1259 3686 bellum
1274 3633 1311 3700 Sd
1328 3629 1336 3703 ll

264 3703 419 3785 ‘dquorum
440 3737 470 3784 o3
489 3734 601 3787 quorum
621 3719 730 3773 consilio
751 3719 788 3787 Sp
820 3721 828 3788 ΙΙ
861 3721 1048 3774 commentario
1062 3721 1197 3788 superiore
1211 3722 1248 3790 Sp
1279 3723 1288 3785 tt
1320 3722 1335 3773 7

271 3805 333 3859 belli
352 3809 474 3860 exortum
498 3823 556 3862 esse
575 3825 597 3859 π
633 3808 641 3876 Η
677 3808 835 3862 8animum
858 3809 1013 3863 aduertebat
1037 3809 1074 3877 Sp
1109 3814 1118 3877 ΙΙ
1154 3810 1283 3863 9timore
1306 3827 1336 3876 a3

271 3896 345 3947 metu
365 3895 403 3961 Sp
434 3897 443 3964 tl
474 3896 499 3950 9.
520 3897 554 3951 10
572 3895 633 3950 belli
653 3897 839 3950 concitatorem
859 3897 897 3963 Sp
928 3899 936 3967 ll
969 3899 1003 3953 10
1023 3897 1164 3952 Cotuatum
1176 3897 1268 3964 Friy.;
1287 3914 1337 3966 gu-

264 3985 402 4037 ·truatrum
421 3983 459 4050 A;
478 3987 630 4052 gutuatrum
650 4003 680 4051 α;
699 3987 756 4054 (m.)
776 3975 1014 4054 guttruattr)ump
1045 3986 1054 4052 l
1088 3985 1241 4054 depoposcit
1255 3985 1313 4040 ΒΜ
1330 3985 1337 4058 ll

273 4073 303 4124 ll
325 4072 380 4126 suis
399 4089 451 4124 om.
466 4073 526 4140 χδῤ
557 4073 566 4140 Π
599 4075 631 4128 13
651 4074 780 4143 supplicio
801 4075 838 4142 Sd
874 4077 882 4145 ll
921 4076 962 4128 13.
983 4076 1017 4128 14
1035 4090 1125 4129 caesar
1148 4077 1239 4129 contra
1261 4091 1338 4130 suam

268 4164 392 4215 naturam
411 4177 541 4214 concursu
564 4164 679 4216 maximo
703 4163 818 4218 militum
837 4183 855 4216 n
896 4164 904 4232 ΙΙ
947 4163 981 4216 14
1003 4163 1027 4217 ei
1051 4181 1103 4217 om.
1123 4163 1184 4218 ΒΜ
1220 4164 1229 4234 ll
1271 4167 1339 4220 roa

266 4250 429 4319 gutttlruato
447 4249 488 4317 X;
506 4268 559 4304 om.
580 4251 613 4319 S3
632 4252 682 4306 del.
706 4253 772 4306 Oud.
