3218 4812
310 305 373 368 160
710 318 815 372 13an
834 317 976 372 GALLICI

308 484 449 546 iuniores
464 483 575 547 Italiae
593 482 808 562 coniurarent,
832 481 984 544 dilectum
999 485 1064 544 tota
1079 482 1243 564 provincia
1259 481 1376 546 habere

275 591 456 654 ainstituit.
502 608 557 652 eae
580 608 631 652 res
654 590 689 651 in
713 587 848 651 Galliam
870 587 1110 671 Transalpinam
1135 589 1280 653 celeriter
1308 608 1405 671 per-e

307 696 460 760 feruntur.
507 695 628 759 addunt
651 695 712 778 ipsi
735 700 767 759 et
790 694 956 779 adfingunt
971 695 1154 758 rumoribus
1172 694 1267 776 Galli,
1292 696 1378 778 quod

307 823 360 866 res
382 821 511 886 poscere
535 802 719 884 videbatur,
741 803 872 866 retineri
895 802 1018 865 urbano
1033 807 1124 865 motu
1140 801 1306 866 Caesarem
1321 821 1377 866 ne-

310 929 373 992 que
396 911 431 972 in
454 911 550 973 tantis
579 909 835 974 dissensionibus
863 909 903 974 ad
931 911 1109 973 exercitum
1136 909 1248 973 venire
1276 927 1376 992 posse.

275 1018 366 1082 ahac
393 1017 523 1099 impulsi
556 1017 735 1097 occasione,
769 1017 824 1097 qui
850 1017 915 1078 iam
943 1021 1015 1080 ante
1043 1035 1077 1080 se
1105 1015 1214 1099 populi
1241 1015 1378 1079 Romani

308 1125 441 1207 imperio
475 1123 636 1187 subiectos
670 1121 824 1204 dolerent,
861 1123 994 1186 liberius
1027 1127 1120 1206 atque
1154 1123 1306 1186 audacius
1338 1124 1377 1187 de
1393 1147 1419 1189 10

275 1231 392 1298 abello
416 1231 549 1294 consilia
572 1231 653 1292 inire
677 1231 841 1312 incipiunt.
888 1231 1016 1293 indictis
1044 1231 1129 1294 inter
1157 1249 1190 1293 se
1217 1232 1377 1312 principes

308 1337 429 1402 Galliae
454 1338 598 1401 conciliis
617 1337 816 1400 silvestribus
840 1357 876 1400 ac
892 1339 1021 1400 remotis
1040 1337 1119 1400 locis
1144 1342 1323 1418 queruntur
1339 1337 1377 1400 de

307 1446 446 1508 Acconis
469 1450 584 1524 morte,
609 1463 701 1527 posse
725 1444 812 1507 hrono
835 1463 945 1507 casum
972 1444 1012 1506 ad
1040 1445 1126 1527 ipsos
1153 1443 1295 1507 recidere
1325 1445 1378 1508 de-

276 1557 498 1632 monstrant,
523 1552 718 1614 miserantur
741 1570 944 1614 communem
968 1550 1089 1614 Galliae
1112 1551 1286 1630 fortunam3
1312 1571 1378 1614 om·

307 1658 404 1722 nibus
436 1658 719 1741 pollicitationibus
752 1677 789 1721 ac
815 1659 965 1740 praemiis
995 1656 1185 1739 deposcunt,
1219 1659 1275 1738 qui
1303 1657 1419 1722 bollire

308 1765 439 1828 initium
461 1765 579 1828 faciant
602 1770 634 1828 et
657 1765 709 1827 sui
733 1765 844 1846 capitis
867 1764 1010 1847 periculo
1036 1763 1172 1827 Galliam
1194 1766 1229 1827 in
1252 1765 1379 1828 liberta-

276 1877 373 1939 etem
396 1871 568 1935 vindicent.
614 1872 648 1933 in
672 1871 782 1952 primis
805 1872 961 1933 rationem
977 1889 1046 1934 esse
1062 1869 1242 1934 habendam
1258 1872 1378 1953 dicunt,

308 1980 397 2060 prius
422 1997 519 2061 quam
543 1996 655 2040 eorum
678 1976 875 2040 clandestina
897 1977 1030 2040 consilia
1046 1976 1224 2061 efferantur,
1249 1984 1285 2041 ut
1301 1978 1378 2042 an-

279 2104 362 2153 7sar
385 2084 422 2147 ab
448 2085 592 2146 exercitu
615 2083 853 2146 intercludatur.
900 2084 934 2146 id
949 2103 1018 2146 esse
1033 2083 1139 2165 facile,
1164 2084 1250 2166 quod
1274 2105 1378 2167 neque

308 2191 450 2274 legiones
483 2190 621 2254 audeant
654 2190 782 2254 absente
810 2191 1000 2273 imperatore
1033 2208 1074 2252 ex
1101 2190 1243 2254 hibernis
1272 2191 1379 2275 egredi
1393 2212 1420 2254 ao

309 2316 414 2380 neque
437 2299 610 2380 imperator
632 2298 701 2360 sine
724 2297 881 2379 praesidio
906 2297 946 2360 ad
965 2298 1108 2380 legiones
1124 2299 1292 2380 pervenire
1307 2291 1379 2381 posss

279 2406 364 2483 ssa,
388 2410 548 2486 postremo
572 2404 607 2465 in
631 2404 698 2467 acie
727 2409 884 2486 praestare
913 2403 1050 2467 interfici
1083 2423 1180 2486 quam
1208 2424 1270 2467 non
1295 2411 1380 2468 vete-

310 2529 378 2572 rem
401 2510 477 2572 belli
499 2510 634 2592 gloriam
657 2509 911 2593 libertatemque,
936 2531 1031 2594 quam
1055 2511 1269 2575 amatoribus
1294 2531 1381 2575 accc-

269 2632 291 2686 2
310 2617 427 2699 perint,
451 2635 646 2700 recuperare.
684 2617 745 2680 His
762 2617 858 2680 rebus
874 2619 998 2700 agitatis
1013 2616 1201 2701 profitentur
1225 2619 1380 2682 Carnutes
1396 2641 1407 2680 1

311 2742 344 2786 se
377 2722 501 2786 nullum
535 2724 715 2806 periculum
748 2725 926 2787 communis
964 2725 1073 2787 salutis
1106 2745 1202 2789 causa
1233 2745 1380 2789 recusare

281 2830 534 2912 aprinoipesque
564 2848 605 2892 ex
634 2831 784 2894 omnibus
813 2830 932 2894 bellum
959 2831 1098 2895 facturos
1126 2832 1315 2914 pollicentur
1342 2837 1381 2914 et,

295 2936 466 3018 ‘qnoniam
489 2937 524 2998 in
546 2939 725 3019 praesentia
748 2937 913 3001 obsidibus
937 2957 1050 3001 cavere
1065 2939 1149 3001 inter
1172 2958 1206 3002 se
1228 2958 1294 3001 non
1310 2959 1382 3022 pos-

312 3042 389 3122 sint,
417 3061 458 3105 ne
482 3062 533 3106 res
557 3043 719 3126 efferatur,
748 3049 779 3107 at
803 3046 873 3108 iure
902 3045 1036 3108 iurando
1066 3065 1102 3108 ac
1129 3044 1192 3109 fide
1221 3047 1407 3109 sanciaturs

313 3153 438 3230 petunt,
462 3150 594 3216 conlatis
617 3151 808 3214 militaribus
832 3153 945 3234 signis,
974 3172 1036 3234 quo
1060 3172 1148 3216 more
1173 3172 1282 3216 eorum
1311 3173 1381 3236 gra-

312 3256 442 3318 vissima
474 3257 667 3320 caerimonia
699 3259 893 3341 continetur,
927 3277 967 3320 ne
999 3260 1082 3323 facto
1115 3261 1208 3324 initio
1237 3260 1314 3324 belli
1341 3260 1380 3322 ab

281 3360 443 3444 areliquis
468 3362 660 3426 deserantur.
700 3369 769 3426 tum
785 3364 981 3428 conlaudatis
998 3365 1190 3430 Carnutibus
1215 3367 1287 3430 dato
1311 3369 1381 3429 iure

313 3468 448 3531 iurando
472 3468 511 3531 ab
537 3470 697 3551 omnibus,
722 3471 779 3552 qui
803 3471 947 3552 aderant,
975 3476 1116 3555 tempore
1140 3475 1209 3537 eius
1233 3475 1280 3537 rei
1304 3492 1380 3536 con-

402 3735 494 3789 5Hae
513 3742 591 3801 resp
622 3736 630 3804 ll
663 3736 743 3804 9qui
761 3751 789 3789 se
808 3736 860 3789 iem
880 3740 975 3804 antee
1007 3739 1015 3806 ΙΙ
1050 3738 1081 3790 12
1101 3737 1217 3792 consiliis
1238 3758 1254 3790 α
1293 3738 1301 3805 l)
1338 3753 1380 3790 se·

312 3823 391 3876 motis
410 3823 473 3876 HM
501 3825 509 3892 ll
543 3825 575 3877 13
594 3825 664 3878 huno
683 3841 774 3878 casum
794 3827 826 3879 ad
844 3825 916 3894 ipsos
935 3826 1050 3879 recidere
1068 3835 1182 3894 possefl
1214 3828 1221 3896 ll
1255 3827 1288 3880 16
1307 3826 1381 3880 initia

310 3932 330 3964 o
362 3914 371 3981 ll
403 3913 516 3980 faciatp
548 3914 555 3982 ll
589 3914 621 3965 17
642 3914 765 3968 uindicet.
786 3915 844 3968 eius
862 3915 891 3967 in
910 3915 1036 3983 primisp
1068 3920 1076 3982 ll
1109 3916 1150 3968 21.
1172 3916 1206 3968 22
1224 3919 1315 3983 posset
1335 3935 1352 3966 α
1372 3914 1379 3987 ll

312 4002 355 4055 23.
375 4001 409 4055 24
428 4005 582 4070 acceperant
602 4022 618 4053 o

401 4129 428 4182 2.
449 4129 473 4180 4.
494 4130 509 4182 5
528 4131 638 4196 possent
657 4149 674 4180 o
706 4129 714 4197 ll
747 4129 880 4199 eatam,
899 4129 1003 4197 autes,
1023 4129 1119 4184 utSa²
1150 4129 1159 4196 ll
1191 4131 1381 4198 bquodnrore

310 4237 330 4269 a
362 4217 371 4286 ll
403 4218 427 4272 6.
448 4219 463 4270 7
484 4217 654 4286 grauissimae
674 4219 847 4273 caerimoniae
867 4218 1071 4285 continenturp
1103 4218 1112 4287 {l
1144 4218 1208 4305 992
1222 4219 1262 4272 rei
1279 4218 1355 4274 Paul
