3218 4812
266 400 329 462 106
665 414 770 468 BELLI
789 414 931 469 GALLICI

264 577 432 661 plumbum
457 576 565 640 album
588 579 622 640 in
638 577 878 641 mediterraneis
893 578 1090 661 regionibus,
1113 578 1147 640 in
1165 579 1332 642 maritimis
1433 616 1439 624 -

264 686 396 766 ferrum,
420 684 476 747 sed
500 685 569 747 eius
585 686 702 768 exigua
717 685 885 772 est-copim
910 704 981 749 aere
1004 691 1141 748 utuntur
1156 687 1331 769 importalo.

264 791 397 854 materia
425 791 581 873 cuiusque
609 792 734 874 generis
757 795 794 855 ut
815 793 850 853 in
874 791 977 855 Gallia
1000 796 1048 856 est
1070 798 1194 875 praeter
1223 791 1332 875 fagum

236 903 360 979 ratque
384 898 528 961 abietem.
574 898 713 981 leporem
738 903 770 962 et
791 898 944 982 gallinam
972 903 1003 962 et
1031 917 1175 963 anserem
1202 904 1335 982 gustare

263 1005 311 1070 fas
339 1023 404 1067 uon
432 1008 558 1087 putant,
593 1006 671 1068 haec
703 1010 811 1068 tamen
843 1005 932 1068 alunt
964 1007 1063 1068 animi
1094 1006 1331 1090 voluptatisque
1346 1029 1372 1072 15

265 1131 367 1175 causa.
413 1111 484 1174 looa
507 1117 581 1175 sunt
603 1113 826 1195 temperatiora
850 1132 945 1194 quarn
968 1114 1003 1175 in
1023 1113 1127 1176 Gallia
1145 1114 1332 1177 remissiori-

210 1231 247 1288 13
265 1218 326 1282 bus
348 1218 528 1301 frigoribus
563 1218 673 1282 Insula
691 1223 806 1282 natura
825 1204 993 1302 triduelra,
1017 1221 1109 1284 cuius
1129 1239 1231 1283 unum
1250 1220 1359 1285 latusr

266 1331 314 1390 est
337 1329 447 1389 contra
471 1326 615 1389 Galliam.
662 1326 758 1390 liuius
781 1327 890 1390 lateris
919 1327 998 1390 alter
1020 1327 1170 1410 angulus,
1200 1327 1256 1408 qui
1286 1332 1333 1390 est

266 1433 305 1496 ad
330 1431 491 1514 Cantium,
515 1452 578 1514 quo
602 1433 666 1496 iere
691 1452 801 1498 omnes
820 1453 862 1498 ex
882 1434 984 1498 Gallia
1003 1452 1101 1498 naves
1122 1409 1338 1517 adpelluntur,

265 1541 305 1603 ad
334 1541 486 1604 orientem
515 1540 628 1622 solem,
662 1539 792 1603 inferior
825 1541 864 1603 ad
899 1541 1065 1604 meridiem
1097 1545 1226 1623 spectat.
1274 1541 1334 1603 hoc

238 1647 350 1710 alatus
372 1651 460 1710 tenet
483 1647 607 1710 circiter
630 1647 720 1709 milia
743 1666 892 1729 passuum
916 1647 954 1711 D.
1001 1647 1135 1710 alterum
1163 1649 1266 1731 vergit
1293 1646 1383 1713 ada'

265 1742 454 1837 Hispaniam
488 1758 584 1836 atque
617 1753 814 1818 occidentem
846 1755 959 1836 solem,
995 1774 1058 1836 qua
1091 1773 1132 1816 ex
1164 1759 1252 1837 parte
1286 1759 1334 1817 est

265 1860 431 1930 Hibernia
453 1859 571 1941 insula,
604 1860 734 1923 dimidio
768 1861 886 1940 minor,
923 1865 960 1923 ut
986 1861 1200 1942 existimatur,
1237 1881 1333 1942 quam

265 1967 445 2047 Britannia,
468 1966 524 2029 sed
548 1968 616 2049 pari
634 1967 735 2049 spatio
757 1969 962 2031 transmissus
986 1972 1081 2049 atque
1100 1987 1141 2031 ex
1160 1967 1263 2031 Gallia
1286 1973 1333 2031 est

236 2075 301 2135 ain
332 2073 540 2136 Britanniam.
596 2074 630 2136 in
664 2074 724 2137 hoc
757 2074 864 2140 medio
898 2055 994 2139 cursu
1026 2081 1073 2139 est
1098 2075 1217 2155 insula,
1251 2093 1332 2156 quae

266 2180 441 2263 appellatur
473 2179 582 2260 Mona,
616 2181 795 2264 complures
827 2187 990 2265 praeterea
1021 2184 1159 2246 minores
1192 2182 1332 2245 obiectae
1347 2201 1374 2244 ro

265 2287 389 2350 insulae
413 2288 647 2369 existimantur,
672 2287 710 2351 de
735 2288 853 2370 quibus
875 2289 990 2352 insulis
1013 2309 1078 2351 non
1094 2288 1175 2352 nulli
1200 2289 1333 2371 scripse-

237 2387 342 2456 4'runt
365 2394 433 2457 dies
457 2395 625 2457 continuos
645 2393 747 2458 XXX
771 2395 831 2458 sub
847 2395 994 2458 brumam
1016 2414 1084 2459 esse
1106 2400 1239 2459 noctem.
1273 2413 1333 2457 nos

266 2501 347 2563 nihil
371 2502 410 2564 de
434 2520 470 2564 eo
494 2500 785 2584 percontationibus
809 2502 1060 2585 reperiebamus,
1087 2503 1150 2566 nisi
1173 2503 1267 2565 certis
1291 2520 1333 2564 ex

266 2627 349 2688 aqua
372 2587 530 2672 mensuris
554 2607 714 2671 breviores
742 2628 931 2692 essequam
959 2611 994 2672 in
1019 2610 1197 2672 continenti
1224 2613 1332 2672 noctes
1412 2679 1414 2684 ¹

237 2714 461 2778 avidebamus.
507 2714 605 2778 huius
634 2720 681 2778 est
707 2715 873 2798 longitudo
906 2716 1027 2792 lateris,
1056 2722 1091 2779 nt
1117 2716 1178 2778 sert
1205 2715 1331 2778 illorum
1347 2732 1373 2776 15

237 2821 387 2905 oopiui0,
419 2820 500 2884 Dec
528 2821 662 2884 milium.
713 2823 841 2885 tertium
874 2828 922 2886 est
954 2829 1062 2887 contra
1094 2824 1332 2906 septentriones,

266 2929 319 2991 cui
341 2929 425 3012 parti
448 2929 538 2991 nulla
560 2932 609 2992 est
632 2929 755 2992 obiecta
778 2934 875 3008 terra3
905 2930 962 2993 sed
990 2930 1060 2992 eius
1089 2929 1225 3012 angulus
1254 2929 1334 2992 alter

265 3037 404 3097 maxime
421 3035 460 3098 ad
473 3035 676 3098 Germaniam
694 3040 819 3118 spectat.
845 3036 904 3099 hoc
920 3037 1044 3099 milium
1060 3055 1210 3119 passuum
1225 3033 1333 3098 Duco

239 3142 299 3206 rin
323 3140 556 3224 longitudinem
581 3159 649 3205 esse
673 3144 880 3205 existimatur.
923 3143 968 3206 ita
986 3144 1089 3205 omnis
1107 3142 1212 3206 insula
1233 3148 1280 3206 est
1298 3144 1330 3204 in

210 3263 246 3315 14
266 3249 402 3311 circuitu
425 3248 523 3310 vicies
547 3251 675 3310 centum
694 3248 818 3312 milium
840 3268 999 3332 passuum.
1042 3248 1092 3312 Ex
1113 3249 1161 3312 his
1183 3249 1359 3313 onrnibnsr

356 3441 389 3494 12
408 3441 466 3494 eius
485 3447 574 3507 orrafl
615 3440 623 3508 ll
666 3441 699 3494 14
718 3444 797 3510 atque
817 3461 848 3509 a,
867 3445 928 3510 etp
969 3443 977 3510 ll
1019 3445 1052 3498 15
1072 3443 1268 3512 uoluptatisquo
1289 3443 1332 3510 os;

265 3531 462 3600 uoluntatisque
479 3536 497 3597 β

354 3620 399 3676 13.
419 3621 432 3672 1
454 3619 584 3688 triquetra
601 3620 640 3673 ed.
659 3621 686 3687 13
705 3621 834 3689 triquetra
852 3640 880 3691 (η
899 3621 1033 3690 triquadra
1051 3639 1081 3688 c,
1101 3622 1206 3690 utrique
1226 3641 1244 3673 a
1276 3623 1283 3690 ll
1317 3621 1332 3674 5

266 3709 335 3762 latus
354 3711 428 3762 tonet
444 3715 473 3775 β;
493 3709 608 3776 pertinet
627 3728 645 3759 a
676 3709 684 3777 ΙΙ
717 3709 839 3764 linsula
858 3727 910 3764 om.
932 3730 949 3762 a
981 3710 989 3778 ll
1021 3711 1107 3778 Sed
1133 3711 1141 3778 ll
1169 3711 1202 3764 10
1216 3710 1332 3764 obiectae

264 3805 293 3864 sl,
313 3797 448 3851 subiectae
468 3815 485 3848 o
517 3798 525 3865 ΙΙ
559 3799 590 3848 11
612 3798 644 3850 do
664 3798 758 3866 quibus
777 3799 816 3866 X;
836 3800 932 3868 quibus
952 3798 998 3867 (in)
1019 3799 1144 3852 Enssraer
1176 3799 1184 3866 ΙΙ
1218 3798 1332 3852 121111-

266 3903 336 3940 mam
355 3886 470 3953 Faorn.3
489 3885 584 3938 bruma
601 3886 632 3939 X
655 3891 663 3954 ll
691 3888 724 3940 13
743 3889 1035 3955 percunctationibusd
1060 3893 1069 3955 ll
1097 3890 1129 3940 14
1149 3891 1240 3942 noctes
1253 3903 1334 3955 quam

265 3977 293 4029 in
311 3974 490 4041 eontinentifl
530 3975 539 4038 ll
582 3976 614 4027 15
638 3975 796 4030 uidebamus
815 3984 904 4045 ampl
944 3977 952 4046 ll
995 3979 1254 4032 lamnarum
1282 3977 1334 4029 fert

265 4065 388 4134 opinioss
427 4068 437 4131 ll
479 4064 511 4115 11
531 4061 598 4116 alter
616 4063 749 4132 RMcnpm
772 4065 862 4120 lateris
881 4065 919 4133 X,
939 4065 1005 4120 alter
1022 4065 1114 4119 lateris
1133 4066 1207 4118 Paul
1249 4065 1257 4128 ll
1300 4066 1333 4119 18

265 4155 299 4208 ad
318 4160 406 4220 onafl
437 4153 446 4222 ΙΙ
479 4151 536 4205 Hoc
556 4169 585 4218 ας
608 4151 716 4220 Ηυίοβ
747 4154 755 4222 ΙΙ
788 4155 891 4209 milium
914 4155 1017 4222 Olorlc.;
1037 4155 1089 4207 mil
1112 4172 1141 4221 ας
1161 4153 1233 4208 milia
1256 4153 1306 4222 nfb
1325 4152 1333 4225 ll

267 4243 300 4303 19
320 4243 487 4298 existimatur
506 4259 536 4308 o,
554 4240 715 4294 arbitrantur
732 4249 749 4310 β
781 4245 789 4313 ll
822 4245 857 4299 20
875 4247 1017 4298 centenum
1037 4243 1130 4314 (Ala.)
1152 4243 1242 4297 Holna.

355 4331 525 4388 ulma
