3218 4812
280 323 343 384 174
678 337 783 392 erun
805 336 947 390 cxnnrcr

278 500 432 580 defendit,
465 519 546 582 quae
578 499 739 582 perpetuis
772 499 916 562 trabibus
948 499 1064 582 pedum
1104 498 1343 581 quadragenum

277 607 466 689 plerumque
489 607 646 669 introrsus
669 607 814 670 revincta
835 625 941 688 neque
964 606 1128 688 perrumpi
1151 623 1256 687 neque
1280 605 1343 667 dis-

222 719 258 773 24
277 714 359 776 trahi
382 717 492 796 potest.
537 711 598 776 His
622 717 668 776 tot
690 713 786 776 rebus
802 711 952 794 impedita
968 713 1202 795 oppugnatione
1217 712 1372 790 militesr

277 839 351 882 cuni
374 825 439 883 tcto
463 825 604 902 tempore
626 819 743 902 frigore
759 825 791 883 et
805 818 947 882 adsiduis
962 818 1119 881 imbribus
1134 818 1343 898 tardarentur,

278 931 383 990 tamen
407 928 581 990 continenti
604 925 713 990 labore
737 927 845 988 omnia
868 925 945 988 baec
968 929 1200 1008 superaverunt
1224 928 1254 987 et
1278 923 1342 987 die-

277 1033 337 1096 bus
360 1032 459 1096 XXV
487 1051 633 1116 aggerem
657 1032 757 1096 latum
781 1031 878 1115 pedes
907 1029 1097 1112 GOOXXX,
1126 1032 1224 1093 altum
1247 1031 1343 1113 pedes

250 1139 405 1204 aLXXX
428 1144 649 1203 extruxerunt.
696 1159 771 1202 cum
792 1140 821 1201 is
844 1159 973 1200 murum
995 1139 1134 1201 bostium
1151 1157 1251 1220 paene
1268 1157 1372 1200 con-a

277 1250 414 1330 tingeret
437 1251 469 1310 et
492 1244 605 1310 Caesar
628 1245 668 1307 ad
692 1265 772 1328 opus
796 1245 1028 1309 consuetudine
1057 1245 1232 1308 excubaret
1259 1245 1342 1306 mili·

277 1359 389 1437 tesque
411 1354 603 1434 hortaretur,
626 1371 668 1415 ne
692 1352 777 1434 quod
802 1354 932 1415 omnino
957 1357 1081 1435 tempus
1108 1351 1147 1412 ab
1172 1369 1266 1434 opere
1293 1351 1342 1413 in-

277 1463 514 1540 termitteretur,
530 1459 624 1542 paulo
642 1465 715 1521 ante
731 1461 857 1522 tertiam
868 1459 1009 1541 vigiliam
1028 1463 1076 1521 est
1087 1457 1343 1520 animadversum

249 1568 398 1630 afumare
422 1585 582 1649 aggerem,
606 1585 702 1646 quem
726 1566 874 1628 cuniculo
898 1566 1003 1628 hostes
1026 1565 1267 1644 succenderant,
1291 1582 1342 1626 eo-

277 1673 413 1755 demque
437 1678 577 1755 tempore
600 1677 665 1736 toto
689 1693 780 1736 muro
805 1673 941 1736 clamore
958 1671 1082 1734 sublato
1099 1670 1223 1733 duabus
1245 1671 1343 1752 portis
1358 1691 1387 1732 ro

249 1780 316 1842 aab
340 1787 476 1861 utroque
500 1779 598 1842 latere
622 1780 759 1842 turrium
784 1781 906 1862 eruptio
927 1778 1031 1842 fiebat.
1078 1778 1132 1840 alii
1148 1778 1233 1840 faces
1249 1781 1343 1859 atque

278 1887 400 1948 aridam
422 1887 587 1949 materiam
612 1885 651 1950 de
675 1906 766 1948 muro
795 1887 830 1948 in
853 1904 1002 1969 aggerem
1025 1886 1150 1948 eminus
1177 1882 1343 1962 iaciebant,

277 1992 381 2074 picem
405 1991 608 2074 reliquasque
632 2011 695 2074 res,
726 1993 843 2073 quibus
866 1994 949 2074 ignis
973 1993 1106 2055 excitari
1128 1997 1244 2073 potest,
1271 1990 1343 2052 fun-

279 2097 409 2177 debant,
437 2103 474 2160 ut
497 2117 560 2180 quo
583 2099 722 2180 primum
746 2105 965 2162 occurreretur
988 2104 1043 2161 aut
1065 2100 1117 2160 cui
1140 2099 1186 2160 rei
1208 2097 1344 2160 ferretur

251 2204 435 2266 suuxilium
468 2206 525 2266 vix
556 2205 636 2267 ratio
665 2206 739 2268 iniri
766 2211 879 2289 posset.
930 2211 1049 2286 tamen,
1082 2204 1166 2287 quod
1198 2204 1342 2266 instituto
1358 2222 1386 2263 ιτ)

279 2310 422 2374 Caesaris
454 2311 536 2374 duae
569 2331 694 2395 semper
724 2313 867 2396 legiones
904 2332 960 2395 pro
994 2312 1106 2374 castris
1143 2310 1344 2374 excubabant

278 2417 450 2500 pluresque
482 2419 605 2501 partitis
638 2420 834 2501 temporibus
867 2424 958 2482 erant
988 2419 1022 2480 iu
1057 2437 1163 2500 opere,
1200 2417 1345 2480 celeriter

277 2524 481 2606 factumest,
504 2531 541 2587 ut
563 2526 617 2588 alii
641 2526 862 2608 eruptionibus
882 2527 1075 2607 resisterent,
1100 2525 1154 2586 alii
1169 2530 1272 2587 turres
1295 2544 1344 2587 re·

279 2632 433 2694 ducerent
448 2651 659 2714 aggeremque
674 2632 948 2714 interscinderent,
965 2634 1069 2696 omnis
1086 2651 1159 2696 vero
1177 2651 1218 2694 ex
1234 2632 1344 2694 castris

223 2749 260 2803 ‘25
278 2738 449 2803 multitudo
473 2739 513 2800 ad
536 2739 801 2822 restinguendum
824 2745 1035 2803 concurreret.
1082 2738 1163 2801 Cum
1185 2741 1220 2800 in
1244 2739 1373 2801 omni-i

278 2845 338 2908 bus
361 2845 440 2907 locis
463 2851 651 2928 consumpta
674 2847 738 2909 ianr
761 2846 886 2926 reliqua
908 2851 996 2929 parte
1020 2847 1122 2908 noctis
1149 2851 1345 2928 pugnaretur

278 2970 466 3034 semperque
482 2951 626 3015 hostibus
642 2971 713 3034 spes
730 2953 880 3015 victoriae
892 2952 1167 3034 redintegraretur,
1185 2971 1221 3014 eo
1234 2952 1344 3034 magis,

279 3058 364 3139 quod
393 3057 522 3120 deustos
549 3059 674 3140 pluteos
703 3060 840 3120 turrium
870 3059 1023 3122 videbant
1048 3079 1109 3123 nec
1136 3058 1228 3122 facile
1256 3058 1344 3120 adire

279 3169 401 3245 apertos
425 3165 465 3226 ad
489 3165 710 3227 auxiliandum
738 3165 1045 3246 animadvertebant,
1074 3184 1261 3248 semperque
1283 3166 1375 3247 ipsis

278 3275 422 3333 recentes
451 3269 582 3334 defessis
610 3271 816 3334 succederent
844 3291 1035 3354 omnemque
1059 3272 1180 3335 Galliac
1208 3272 1343 3335 salutem

277 3377 310 3438 in
334 3376 389 3439 illo
412 3377 545 3459 vestigio
570 3379 721 3460 temporis
743 3379 877 3461 positam
893 3379 1136 3460 arbitrarentur,
1160 3378 1274 3440 accidit
1295 3379 1344 3439 in-

278 3483 493 3566 spectantibus
517 3483 608 3546 nobis
633 3484 718 3565 quod
742 3484 876 3568 dignum
899 3487 1051 3549 memoria
1079 3487 1183 3548 visum
1207 3491 1345 3568 praeter·

250 3591 420 3652 reundum
442 3610 507 3653 nou
532 3592 792 3654 existimavimus.
840 3592 970 3673 quidam
994 3598 1067 3656 ante
1090 3597 1213 3676 portam
1237 3590 1347 3673 oppidi,

368 3802 400 3855 16
419 3802 517 3869 pedum
536 3803 734 3871 quadragenum
753 3802 859 3869 Hotm.;
878 3804 959 3870 pedes
979 3805 1161 3873 quadragenos
1179 3801 1210 3855 X

365 3889 411 3942 24.
432 3890 447 3941 2
466 3891 562 3958 frigore
580 3909 610 3956 o3
629 3891 684 3944 luto
704 3892 836 3960 frigeret
858 3892 866 3959 11
889 3893 1090 3962 traderenturtp
1123 3893 1131 3959 tt
1163 3895 1179 3946 5
1198 3892 1222 3944 is
1240 3891 1348 3958 bea²;

277 3977 320 4028 his
332 3977 454 4043 M¹Sa¹l3
473 3996 525 4032 om.
534 3999 555 4048 χ
587 3981 595 4047 ΙΙ
627 3981 691 4034 oet
709 3998 761 4033 om.
782 3999 799 4031 o
832 3983 840 4048 tt
873 3981 907 4033 12
925 3983 1063 4034 materiem
1083 4001 1101 4033 n
1132 3984 1141 4049 {t
1174 3982 1207 4034 13
1227 3997 1347 4048 queam,

276 4065 367 4135 Bqu
393 4068 401 4132 tt
436 4068 468 4118 14
487 4071 639 4122 curreretur
658 4089 675 4121 o
708 4072 716 4138 tt
749 4071 782 4124 16
802 4086 907 4137 semper
926 4071 994 4124 duae
1014 4091 1031 4122 o
1063 4076 1071 4138 lt
1104 4070 1304 4136 excubarentfl

365 4155 411 4209 ⁶25.
431 4156 447 4208 3
466 4172 517 4224 que
536 4164 625 4224 amp
656 4157 664 4224 tl
700 4159 850 4211 4turrium
869 4159 919 4212 del.
939 4159 1043 4228 chlrly
1080 4166 1088 4226 Η
1125 4160 1278 4213 bauimum
1297 4160 1348 4212 ad-

276 4244 415 4298 uertebant
433 4245 470 4297 ab
489 4248 554 4310 (om.
575 4246 595 4313 l)
