3218 4812
300 325 362 386 170
699 339 803 392 BELLI
822 338 964 392 animur

241 509 277 563 18
297 507 333 564 ut
348 521 404 584 per
421 519 474 563 eos
491 501 530 564 ad
547 500 710 565 Caesarem
730 501 936 565 deferrentur.
976 499 1056 563 Ormi
1072 502 1135 564 iarn
1152 521 1243 564 muro
1261 505 1364 564 turres
1380 525 1391 566 r

296 609 615 691 adpropinquassent,
645 627 686 672 ex
713 610 846 691 captivis
872 606 986 672 Caesar
1014 609 1164 691 cognovit
1189 609 1364 691 Vercinge-

297 716 433 797 torigem
460 720 646 798 consumpto
669 715 785 798 pabulo
810 720 912 778 castra
935 716 1073 778 movisse
1096 716 1227 798 propius
1250 715 1364 778 Avari-

296 841 368 884 cum
403 827 498 903 atque
527 822 631 905 ipsum
659 841 731 884 cum
761 822 906 904 equitatu
934 822 1169 904 expeditisque,
1198 822 1253 903 qui
1281 823 1365 884 inter

296 929 420 1010 equites
452 928 601 1011 proeliari
634 934 853 1010 consuessent,
889 928 1062 991 insidiandi
1095 947 1190 991 causa
1223 947 1259 990 eo
1292 947 1390 1010 pro-s

295 1035 426 1117 tectum,
452 1055 514 1116 quo
538 1040 663 1098 nostros
678 1041 804 1118 postero
829 1034 880 1098 die
896 1034 1083 1118 pabulatum
1106 1039 1257 1098 venturos
1281 1035 1363 1097 arbi-

267 1147 440 1206 2traretur.
488 1144 604 1225 quibus
627 1142 723 1206 rebus
747 1142 884 1224 cognitis
907 1142 1014 1204 media
1033 1146 1126 1204 nocte
1142 1142 1269 1205 silentio
1293 1161 1363 1224 pro·

265 1250 394 1314 efectus
418 1249 457 1311 ad
480 1250 619 1312 hostium
643 1255 744 1311 castra
767 1267 860 1311 mane
883 1249 1036 1330 pervenit.
1083 1249 1131 1310 illi
1147 1249 1292 1312 celeriter
1307 1267 1364 1330 per

295 1357 512 1438 exploratores
536 1357 676 1419 adventu
701 1355 842 1418 Caesaris
866 1356 994 1438 cognito
1023 1374 1128 1418 carros
1155 1355 1363 1438 impedimen-

295 1468 389 1543 taque
413 1483 472 1525 sua
494 1463 529 1524 in
553 1463 684 1525 artiores
712 1462 808 1524 silvas
832 1462 1032 1543 abdiderunt,
1061 1463 1167 1545 copias
1195 1480 1305 1524 onmes
1328 1463 1361 1523 in
1377 1482 1403 1525 ιο

266 1569 364 1632 iloco
398 1569 482 1633 edito
516 1576 610 1650 atque
644 1574 750 1652 aperto
783 1571 1015 1632 instruxerunt.
1067 1587 1130 1649 qua
1156 1569 1363 1632 renuntiata

296 1675 410 1739 Caesar
443 1677 586 1739 celeriter
618 1677 757 1739 sarcinas
791 1675 941 1758 conferri,
975 1694 1063 1737 arma
1090 1676 1234 1758 expediri
1261 1677 1361 1738 iussit.

237 1798 276 1851 19
295 1780 391 1846 Collis
415 1788 481 1846 erat
504 1783 619 1845 leniter
643 1783 681 1844 ab
705 1783 815 1845 infimo
840 1783 978 1845 acclivis.
1031 1783 1116 1844 huno
1144 1801 1186 1845 ex
1214 1782 1388 1844 omnibusr

293 1889 359 1952 fere
381 1889 527 1972 partibus
551 1889 641 1970 palus
665 1889 802 1952 difficilis
827 1895 922 1971 atque
945 1888 1098 1971 impedita
1125 1888 1273 1970 cingebat
1295 1907 1359 1950 non

266 1996 387 2061 alatior
409 1995 545 2078 pedibus
569 1976 607 2056 Lss
652 1997 712 2058 hoo
735 2015 768 2059 se
793 1997 872 2059 colle
901 1997 1083 2078 interruptis
1107 1995 1259 2077 pontibus
1279 1995 1362 2058 Galli

293 2101 411 2164 fiducia
434 2102 497 2164 loci
520 2103 727 2165 continebant
749 2104 988 2184 generatimque
1018 2102 1180 2165 distributi
1209 2101 1255 2184 [in
1284 2103 1361 2165 civi-

294 2207 384 2292 tates]
410 2210 517 2270 omuia
540 2208 622 2270 vada
646 2208 694 2292 [ac
718 2209 827 2292 saltus]
857 2211 925 2272 eius
948 2209 1073 2292 paludis
1102 2207 1289 2272 obtinebant
1315 2211 1388 2277 sica

294 2316 400 2378 animo
429 2317 542 2398 parati,
575 2321 621 2398 ut,
655 2317 682 2378 si
710 2335 780 2378 eam
807 2317 956 2398 paludem
989 2316 1125 2379 Romani
1157 2334 1361 2398 perrumpere

263 2428 497 2504 aconarentur,
521 2422 714 2486 haesitantes
741 2427 922 2506 premerent
949 2441 991 2485 ex
1015 2422 1082 2486 loco
1112 2424 1287 2505 superiore,
1316 2427 1360 2503 ut,

293 2531 351 2610 qui
366 2529 634 2611 propinquitatem
653 2529 716 2592 loci
733 2529 862 2610 videret,
885 2535 1010 2611 paratos
1026 2547 1123 2612 prope
1140 2547 1242 2611 aequo
1259 2529 1360 2593 ‘Marte

291 2636 332 2698 ad
361 2635 578 2698 dimicandum
606 2637 814 2717 existimaret,
849 2637 903 2716 qui
930 2637 1132 2718 iniquitatem
1164 2636 1360 2698 condicionis

292 2744 496 2825 perspiceret,
518 2744 607 2805 inani
631 2743 833 2806 simulatione
862 2762 931 2806 sese
960 2747 1118 2806 ostentare
1147 2747 1359 2826 cognosceret
1375 2761 1401 2802 ro

261 2849 496 2932 4indignantes
518 2851 635 2912 milites
660 2848 785 2930 Caesar,
809 2849 894 2930 quod
919 2855 1124 2931 conspectum
1145 2869 1238 2912 suum
1256 2850 1359 2912 hostes

290 2956 372 3018 ferre
396 2962 525 3038 possent
548 2957 670 3019 tantulo
695 2958 793 3039 spatio
826 2957 1006 3036 interiecto,
1035 2961 1065 3018 et
1093 2956 1220 3038 signum
1248 2957 1360 3038 proelii

291 3068 499 3144 exposcentes
528 3063 651 3144 edocet,
684 3070 801 3144 quanto
832 3063 1020 3126 detrimento
1054 3066 1086 3126 et
1114 3069 1191 3145 quot
1217 3064 1360 3125 virorum

261 3168 419 3233 sfortium
442 3180 543 3232 morte
566 3189 696 3232 necesse
725 3171 766 3232 sit
794 3174 938 3233 constare
966 3170 1147 3248 victoriam,
1178 3189 1257 3251 quos
1286 3189 1360 3233 cum

291 3277 337 3338 sic
361 3276 467 3338 animo
490 3281 615 3358 paratos
639 3277 758 3359 videat,
787 3282 824 3339 ut
846 3276 972 3338 nullum
995 3296 1051 3359 pro
1076 3296 1134 3339 sua
1157 3276 1252 3339 laude
1276 3277 1399 3359 peri-15

289 3383 399 3446 culum
422 3387 582 3466 recusent,
607 3403 747 3446 summae
765 3402 798 3446 se
814 3384 991 3465 iniquitatis
1011 3383 1216 3446 condemnari
1234 3383 1358 3464 debere,

380 3613 414 3666 25
434 3613 620 3679 deieranturfl

379 3701 424 3756 18.
447 3704 469 3754 l.
490 3701 506 3753 2
525 3702 605 3754 turris
625 3702 896 3770 adpropinquassetfl
928 3703 936 3766 11
969 3702 1186 3756 5insidiaruma
1218 3702 1227 3770 11
1259 3718 1356 3755 eoona.

287 3797 306 3856 β
337 3791 345 3859 11
377 3789 466 3843 Sillic
486 3809 507 3859 φ

378 3898 423 3951 19.
444 3898 458 3948 1
478 3897 572 3950 leniter
586 3897 660 3966 2(.9);
679 3897 774 3951 leuiter
793 3905 832 3968 φβ
864 3900 871 3968 11
904 3898 1127 3968 41131111ηιῒίεφ
1159 3899 1167 3966 11
1200 3899 1223 3950 4.
1244 3900 1260 3952 5
1279 3897 1357 3951 inci·

288 3985 386 4038 uitatcs
404 3985 454 4037 del.
475 3985 571 4038 Morus
604 3988 612 4054 11
649 3990 664 4040 5
685 4003 715 4040 ac
733 3986 817 4040 saltus
841 3987 891 4039 dcl.
911 3985 1014 4054 Hurta3
1039 4004 1069 4040 ac
1092 3987 1219 4040 transitus
1242 3987 1329 4055 Nipp.
1349 3985 1357 4056 11

289 4073 393 4142 paludis
413 4074 491 4127 certis
511 4075 638 4128 custodiis
658 4075 843 4142 obtinebantfl
875 4075 883 4143 11
914 4076 1108 4142 adiumenta
1139 4077 1148 4141 11
1183 4076 1356 4130 9existima-

289 4166 382 4230 rentpl
413 4163 421 4232 11
456 4163 488 4215 12
507 4165 623 4231 perferre
644 4184 660 4214 n
692 4165 700 4232 11
733 4164 835 4232 possint
849 4163 911 4216 HM
939 4163 946 4232 11
976 4166 1008 4218 13
1022 4166 1099 4218 docet
1113 4163 1173 4218 HM
1197 4167 1205 4234 11
1229 4168 1293 4234 quot
1310 4164 1356 4233 Θῆ

286 4252 654 4324 ed.1;quodun;quidp
687 4253 695 4320 11
729 4255 761 4307 15
781 4255 885 4321 paratos
904 4253 1027 4320 animofl
1058 4255 1067 4322 11
1098 4254 1201 4308 uideret
1221 4274 1238 4305 u
