3126 4968
548 1183 881 1269 PRAEFATIO.

661 1366 768 1374 ———

242 1468 332 1568 Quae
347 1509 420 1568 ratio
434 1509 512 1568 inter
526 1509 746 1569 vetustissimos
761 1509 838 1570 Belli
851 1509 958 1571 Gallici
974 1511 1142 1571 Caesariani
1157 1512 1272 1572 codices

154 1599 314 1658 intercedat
341 1597 478 1658 facillime
506 1615 546 1657 ex
569 1598 625 1658 hoc
648 1599 727 1676 quod
750 1599 862 1660 subieci
890 1605 1045 1661 stemmate
1072 1602 1271 1677 cognoscitur:

690 1717 731 1784 X

509 1807 919 1843 p-——ua--r-q

830 1849 964 1968 „L

412 2053 651 2092 ,ψα-
821 1991 963 2092 ,Ξίμί

411 2093 497 2170 Ao
541 2093 650 2159 aas
826 2095 880 2178 as¹
912 2095 952 2159 11

178 2245 180 2248 ·
241 2213 307 2281 Duo
331 2221 541 2310 distinguenda
564 2241 630 2306 esse
645 2223 787 2282 librorum
803 2239 893 2280 manu
909 2222 1085 2299 scriptorum
1101 2241 1208 2298 genera
1232 2257 1273 2266 -

153 2329 330 2388 quamquam
358 2329 397 2370 ex
423 2311 574 2371 communi
600 2311 681 2370 fonte
704 2319 806 2371 omues
828 2311 912 2371 ducti
936 2316 1005 2370 sunt
1033 2345 1075 2354 -
1104 2317 1217 2371 certum
1244 2319 1275 2372 et

154 2397 342 2476 exploratum
366 2405 425 2474 est,
449 2417 504 2461 nec
527 2403 627 2460 minus
650 2405 763 2460 certum
791 2405 838 2460 est
860 2401 897 2458 ad
920 2405 1038 2460 textum
1061 2416 1149 2477 quem
1172 2400 1275 2460 dicunt

154 2487 391 2548 constituendum
414 2496 518 2550 aerrtro
541 2492 646 2549 horum
669 2489 804 2549 codicum
826 2507 935 2564 genere
961 2507 1015 2549 nos
1044 2507 1133 2566 posse
1160 2507 1271 2566 carere3

152 2577 244 2637 nihilo
268 2568 368 2636 miuus
390 2579 474 2638 nulla
496 2580 594 2639 adhuc
613 2583 696 2638 extat
715 2578 805 2638 editio
828 2596 867 2637 ex
882 2596 941 2655 qua
961 2579 1032 2638 satis
1048 2585 1183 2638 accurate
1197 2579 1271 2658 quid

152 2666 279 2742 singulis
309 2667 384 2726 locis
416 2669 448 2726 in
478 2674 604 2745 utroque
636 2665 771 2727 codicum
798 2685 906 2743 genere
934 2668 1078 2744 scriptum
1110 2667 1149 2727 sit
1177 2669 1272 2744 possit

152 2756 297 2832 cognosci.
343 2756 475 2816 Alterius
498 2758 617 2834 quidem
641 2756 758 2832 generis
782 2756 838 2834 (a),
862 2757 941 2833 quod
963 2755 1124 2834 Nipperdei
1147 2757 1272 2816 auctori-

153 2849 212 2904 tate
235 2845 361 2921 permoti
385 2845 506 2922 plurimi
529 2847 674 2923 optimum
701 2845 751 2904 vel
777 2845 927 2921 integrum
954 2851 983 2904 et
1011 2846 1216 2904 iudicaverunt
1243 2852 1274 2905 et

155 2933 306 3007 dixerunt,
329 2933 398 2993 libri
421 2935 618 2994 vetustissimi
642 2934 714 2993 satis
738 2953 845 3010 magua
868 2950 939 2993 cura
961 2940 991 2994 et
1006 2933 1160 3010 diligentia
1174 2935 1275 2994 collati

155 3025 239 3099 sunt;
263 3022 387 3082 alterum
410 3023 467 3102 (β),
491 3024 540 3084 cui
562 3023 797 3100 interpolationis
820 3028 921 3082 notam
938 3023 1049 3082 inussit
1066 3023 1274 3100 Nipperdeius‚

154 3115 355 3187 contemptum
378 3130 413 3170 ao
436 3130 529 3188 paene
551 3113 720 3188 neglectum
735 3112 834 3171 iacuit.
881 3113 925 3172 Ac
941 3112 1139 3173 Schneiderus
1155 3113 1274 3190 quidem

155 3205 185 3259 et
198 3200 264 3276 ipse
273 3200 473 3277 Nipperdeius
490 3203 616 3279 optimos
628 3202 717 3260 huius
729 3202 847 3277 generis
863 3201 978 3260 codices
994 3201 1128 3261 noudum
1141 3201 1274 3276 cognitos

156 3289 333 3366 habuerunt;
357 3288 516 3366 Frigellius
540 3291 654 3367 primus
677 3291 749 3350 satis
765 3289 922 3365 diligenter
945 3297 975 3349 et
990 3290 1165 3349 Thuaneum
1181 3290 1220 3367 (a)
1245 3295 1275 3349 et

156 3376 344 3436 Ursiniauum
367 3379 499 3438 codicem
521 3379 564 3456 (b)
588 3379 781 3456 comparavit,
804 3397 907 3437 verum
930 3384 1030 3439 tamen
1052 3397 1111 3438 non
1134 3397 1200 3437 raro
1223 3383 1275 3438 aut

156 3465 287 3525 Tbuanei
314 3473 366 3526 aut
387 3457 544 3527 'Ursiniani
571 3469 730 3528 lectionem
759 3469 970 3544 praetermisit;
1000 3467 1157 3527 Dfibnerus
1182 3465 1275 3526 multo

154 3555 360 3632 neglegentius
383 3555 502 3616 eosdem
518 3557 653 3617 adhibuit
666 3557 771 3632 libros;
795 3562 883 3633 atque
899 3557 987 3615 etlam
1002 3555 1150 3616 Holderus
1169 3574 1274 3632 parum

153 3645 310 3720 religiosus
333 3645 392 3704 fuit
419 3647 451 3704 in
474 3646 563 3705 huius
586 3647 704 3722 generis
726 3645 877 3705 codicibus
900 3645 1094 3704 conferendis.
1140 3645 1208 3704 Non
1231 3649 1274 3704 te·

154 3751 232 3793 mere
254 3734 328 3793 haec
350 3753 368 3792 a
389 3753 437 3794 me
460 3735 538 3794 dicta
561 3752 627 3794 esse
655 3740 812 3810 cognoscet
839 3734 891 3811 qui
918 3735 968 3793 vol
995 3735 1135 3810 exiguam
1161 3739 1275 3810 partem

154 3822 244 3881 huius
266 3823 405 3882 editionis
428 3842 497 3883 cum
512 3823 658 3899 Frigellii,
683 3824 827 3898 Diibneri,
851 3822 975 3883 Holderi
996 3823 1174 3882 editionibus
1197 3841 1275 3882 oom-

154 3913 307 3986 paraverit.
353 3911 492 3989 Exempli
516 3930 604 3972 causa
627 3930 823 3972 commemoro
845 3912 876 3970 in
900 3913 1041 3972 extremis
1067 3914 1106 3972 18
1128 3913 1275 3988 capitibus

154 4000 242 4076 primi
264 4001 333 4060 libri
355 4001 498 4061 lectiones
521 4019 597 4078 quae
618 4001 651 4060 in
666 4002 804 4060 oraaibas
827 4001 916 4060 huius
932 4002 1048 4077 generis
1065 4000 1107 4077 (ll)
1123 4001 1274 4060 codicibus

154 4093 258 4148 extant
273 4088 398 4149 omissas
413 4107 480 4150 esse
495 4110 512 4148 a
527 4090 665 4166 Frigellio
683 4091 733 4163 14,
754 4109 771 4148 a
790 4091 928 4149 Dubnero
946 4092 996 4161 66,
1020 4091 1057 4149 ab
1072 4090 1201 4149 Holdero
1217 4091 1274 4167 463

154 4183 304 4254 praeterea
328 4179 454 4254 singulis
478 4179 626 4239 codicibus
642 4179 783 4238 tribuitur
804 4179 884 4255 quod
899 4180 1036 4238 omnibus
1059 4197 1214 4238 commune
1229 4185 1275 4238 est

153 4267 332 4344 aFrigellio
356 4269 407 4342 43,
431 4287 449 4326 a
471 4269 609 4328 Dilbnero
630 4271 657 4342 7,
680 4270 716 4328 ab
734 4267 864 4327 Holdero
891 4270 930 4327 13
955 4269 1036 4328 locis.
1083 4267 1274 4344 Quapropter,
