<?xml version="1.0" encoding="UTF-8"?>
<!DOCTYPE html PUBLIC "-//W3C//DTD XHTML 1.0 Transitional//EN"
    "http://www.w3.org/TR/xhtml1/DTD/xhtml1-transitional.dtd">
<html xmlns="http://www.w3.org/1999/xhtml" xml:lang="en" lang="en">
 <head>
  <title>
</title>
<meta http-equiv="Content-Type" content="text/html;charset=utf-8" />
  <meta name='ocr-system' content='tesseract 3.04.00' />
  <meta name='ocr-capabilities' content='ocr_page ocr_carea ocr_par ocr_line ocrx_word'/>
</head>
<body>
  <div class='ocr_page' id='page_1' title='image "./ciuliicaesarisb04meusgoog_0242.png"; bbox 0 0 3214 4812; ppageno 0'>
   <div class='ocr_carea' id='block_1_1' title="bbox 583 311 1318 378">
    <p class='ocr_par' dir='ltr' id='par_1_1' title="bbox 583 311 1318 378">
     <span class='ocr_line' id='line_1_1' title="bbox 583 311 1318 378; baseline -0.005 -2"><span class='ocrx_word' id='word_1_1' title='bbox 583 322 690 376; x_wconf 78' lang='lat' dir='ltr'>LIBER</span> <span class='ocrx_word' id='word_1_2' title='bbox 707 323 781 377; x_wconf 87' lang='lat' dir='ltr'>VIII.</span> <span class='ocrx_word' id='word_1_3' title='bbox 802 323 878 378; x_wconf 83' lang='lat' dir='ltr'>CAP.</span> <span class='ocrx_word' id='word_1_4' title='bbox 899 325 980 378; x_wconf 81' lang='grc'>7-9.</span> <span class='ocrx_word' id='word_1_5' title='bbox 1250 311 1318 373; x_wconf 85' lang='grc'>223</span> 
     </span>
    </p>
   </div>
   <div class='ocr_carea' id='block_1_2' title="bbox 206 484 1379 2919">
    <p class='ocr_par' dir='ltr' id='par_1_2' title="bbox 206 484 1379 2919">
     <span class='ocr_line' id='line_1_2' title="bbox 248 484 1317 570; baseline 0.004 -23"><span class='ocrx_word' id='word_1_6' title='bbox 248 484 366 568; x_wconf 87' lang='lat' dir='ltr'>gularis</span> <span class='ocrx_word' id='word_1_7' title='bbox 390 484 476 547; x_wconf 90' lang='lat' dir='ltr'>enim</span> <span class='ocrx_word' id='word_1_8' title='bbox 499 485 626 549; x_wconf 80' lang='lat' dir='ltr'>virtutis</span> <span class='ocrx_word' id='word_1_9' title='bbox 645 487 830 549; x_wconf 84' lang='lat' dir='ltr'>veterrimas</span> <span class='ocrx_word' id='word_1_10' title='bbox 853 487 995 570; x_wconf 83' lang='lat' dir='ltr'>legiones</span> <span class='ocrx_word' id='word_1_11' title='bbox 1011 487 1093 569; x_wconf 85' lang='lat' dir='ltr'>VII,</span> <span class='ocrx_word' id='word_1_12' title='bbox 1106 487 1196 570; x_wconf 80' lang='lat' dir='ltr'>VIII,</span> <span class='ocrx_word' id='word_1_13' title='bbox 1208 487 1317 553; x_wconf 83' lang='lat' dir='ltr'>VIIII.</span> 
     </span>
     <span class='ocr_line' id='line_1_3' title="bbox 247 589 1316 678; baseline 0.006 -25"><span class='ocrx_word' id='word_1_14' title='bbox 247 589 394 670; x_wconf 88' lang='lat' dir='ltr'>habebat,</span> <span class='ocrx_word' id='word_1_15' title='bbox 421 611 564 656; x_wconf 87' lang='lat' dir='ltr'>summae</span> <span class='ocrx_word' id='word_1_16' title='bbox 593 593 660 675; x_wconf 90' lang='lat' dir='ltr'>spei</span> <span class='ocrx_word' id='word_1_17' title='bbox 689 593 893 676; x_wconf 83' lang='lat' dir='ltr'>delectaeque</span> <span class='ocrx_word' id='word_1_18' title='bbox 921 595 1099 658; x_wconf 89' lang='lat' dir='ltr'>iuventutis</span> <span class='ocrx_word' id='word_1_19' title='bbox 1126 595 1198 678; x_wconf 83' lang='lat' dir='ltr'>XI,</span> <span class='ocrx_word' id='word_1_20' title='bbox 1233 614 1316 678; x_wconf 90' lang='lat' dir='ltr'>quae</span> 
     </span>
     <span class='ocr_line' id='line_1_4' title="bbox 248 698 1316 785; baseline 0.003 -24"><span class='ocrx_word' id='word_1_21' title='bbox 248 702 357 761; x_wconf 80' lang='lat' dir='ltr'>octavo</span> <span class='ocrx_word' id='word_1_22' title='bbox 382 699 445 761; x_wconf 89' lang='lat' dir='ltr'>iam</span> <span class='ocrx_word' id='word_1_23' title='bbox 462 698 618 782; x_wconf 89' lang='lat' dir='ltr'>stipendio</span> <span class='ocrx_word' id='word_1_24' title='bbox 635 703 740 763; x_wconf 87' lang='lat' dir='ltr'>tamen</span> <span class='ocrx_word' id='word_1_25' title='bbox 764 701 801 762; x_wconf 92' lang='lat' dir='ltr'>in</span> <span class='ocrx_word' id='word_1_26' title='bbox 816 701 995 764; x_wconf 88' lang='lat' dir='ltr'>conlatione</span> <span class='ocrx_word' id='word_1_27' title='bbox 1015 701 1214 785; x_wconf 89' lang='lat' dir='ltr'>reliquarum</span> <span class='ocrx_word' id='word_1_28' title='bbox 1235 721 1316 766; x_wconf 92' lang='lat' dir='ltr'>non·</span> 
     </span>
     <span class='ocr_line' id='line_1_5' title="bbox 249 805 1313 892; baseline 0.005 -25"><span class='ocrx_word' id='word_1_29' title='bbox 249 806 325 868; x_wconf 93' lang='lat' dir='ltr'>dum</span> <span class='ocrx_word' id='word_1_30' title='bbox 358 805 491 869; x_wconf 92' lang='lat' dir='ltr'>eandem</span> <span class='ocrx_word' id='word_1_31' title='bbox 522 808 688 870; x_wconf 80' lang='lat' dir='ltr'>vetustatis</span> <span class='ocrx_word' id='word_1_32' title='bbox 726 826 762 870; x_wconf 91' lang='lat' dir='ltr'>ac</span> <span class='ocrx_word' id='word_1_33' title='bbox 795 808 922 871; x_wconf 86' lang='lat' dir='ltr'>virtutis</span> <span class='ocrx_word' id='word_1_34' title='bbox 959 813 1085 890; x_wconf 83' lang='lat' dir='ltr'>ceperat</span> <span class='ocrx_word' id='word_1_35' title='bbox 1120 810 1313 892; x_wconf 88' lang='lat' dir='ltr'>opinionem.</span> 
     </span>
     <span class='ocr_line' id='line_1_6' title="bbox 208 913 1346 997; baseline 0.004 -21"><span class='ocrx_word' id='word_1_36' title='bbox 208 935 234 978; x_wconf 90' lang='lat'>10</span> <span class='ocrx_word' id='word_1_37' title='bbox 247 915 353 994; x_wconf 90' lang='lat' dir='ltr'>itaque</span> <span class='ocrx_word' id='word_1_38' title='bbox 386 913 518 976; x_wconf 88' lang='lat' dir='ltr'>consilio</span> <span class='ocrx_word' id='word_1_39' title='bbox 551 914 702 976; x_wconf 89' lang='lat' dir='ltr'>advocato</span> <span class='ocrx_word' id='word_1_40' title='bbox 735 914 831 978; x_wconf 89' lang='lat' dir='ltr'>rebus</span> <span class='ocrx_word' id='word_1_41' title='bbox 862 915 917 997; x_wconf 89' lang='lat' dir='ltr'>iis,</span> <span class='ocrx_word' id='word_1_42' title='bbox 953 934 1034 997; x_wconf 90' lang='lat' dir='ltr'>quae</span> <span class='ocrx_word' id='word_1_43' title='bbox 1067 916 1107 978; x_wconf 91' lang='lat' dir='ltr'>ad</span> <span class='ocrx_word' id='word_1_44' title='bbox 1141 934 1174 979; x_wconf 88' lang='lat' dir='ltr'>se</span> <span class='ocrx_word' id='word_1_45' title='bbox 1207 921 1346 982; x_wconf 75' lang='lat' dir='ltr'>essente</span> 
     </span>
     <span class='ocr_line' id='line_1_7' title="bbox 248 1019 1313 1103; baseline 0.002 -21"><span class='ocrx_word' id='word_1_46' title='bbox 248 1019 381 1101; x_wconf 87' lang='lat' dir='ltr'>delatae,</span> <span class='ocrx_word' id='word_1_47' title='bbox 406 1019 553 1082; x_wconf 89' lang='lat' dir='ltr'>omnibus</span> <span class='ocrx_word' id='word_1_48' title='bbox 577 1020 731 1103; x_wconf 90' lang='lat' dir='ltr'>expositis</span> <span class='ocrx_word' id='word_1_49' title='bbox 756 1021 880 1084; x_wconf 89' lang='lat' dir='ltr'>animos</span> <span class='ocrx_word' id='word_1_50' title='bbox 904 1022 1118 1085; x_wconf 83' lang='lat' dir='ltr'>multitudinis</span> <span class='ocrx_word' id='word_1_51' title='bbox 1139 1021 1313 1086; x_wconf 85' lang='lat' dir='ltr'>confirmat.</span> 
     </span>
     <span class='ocr_line' id='line_1_8' title="bbox 247 1126 1312 1212; baseline 0.002 -22"><span class='ocrx_word' id='word_1_52' title='bbox 247 1127 273 1190; x_wconf 88' lang='lat' dir='ltr'>si</span> <span class='ocrx_word' id='word_1_53' title='bbox 295 1127 375 1190; x_wconf 84' lang='lat' dir='ltr'>forte</span> <span class='ocrx_word' id='word_1_54' title='bbox 398 1127 504 1190; x_wconf 88' lang='lat' dir='ltr'>hostes</span> <span class='ocrx_word' id='word_1_55' title='bbox 532 1127 629 1189; x_wconf 90' lang='lat' dir='ltr'>trium</span> <span class='ocrx_word' id='word_1_56' title='bbox 650 1126 817 1211; x_wconf 89' lang='lat' dir='ltr'>legionum</span> <span class='ocrx_word' id='word_1_57' title='bbox 845 1148 977 1193; x_wconf 91' lang='lat' dir='ltr'>numero</span> <span class='ocrx_word' id='word_1_58' title='bbox 1001 1134 1108 1212; x_wconf 88' lang='lat' dir='ltr'>posset</span> <span class='ocrx_word' id='word_1_59' title='bbox 1135 1130 1249 1194; x_wconf 88' lang='lat' dir='ltr'>elicere</span> <span class='ocrx_word' id='word_1_60' title='bbox 1273 1129 1312 1192; x_wconf 90' lang='lat' dir='ltr'>ad</span> 
     </span>
     <span class='ocr_line' id='line_1_9' title="bbox 247 1233 1315 1319; baseline 0.004 -23"><span class='ocrx_word' id='word_1_61' title='bbox 247 1233 476 1316; x_wconf 91' lang='lat' dir='ltr'>dimicandum,</span> <span class='ocrx_word' id='word_1_62' title='bbox 504 1234 640 1316; x_wconf 88' lang='lat' dir='ltr'>agminis</span> <span class='ocrx_word' id='word_1_63' title='bbox 665 1235 810 1299; x_wconf 88' lang='lat' dir='ltr'>ordinem</span> <span class='ocrx_word' id='word_1_64' title='bbox 838 1237 883 1298; x_wconf 88' lang='lat' dir='ltr'>ita</span> <span class='ocrx_word' id='word_1_65' title='bbox 906 1237 1083 1319; x_wconf 81' lang='lat' dir='ltr'>constItuit,</span> <span class='ocrx_word' id='word_1_66' title='bbox 1113 1240 1148 1299; x_wconf 90' lang='lat' dir='ltr'>ut</span> <span class='ocrx_word' id='word_1_67' title='bbox 1170 1237 1315 1319; x_wconf 83' lang='lat' dir='ltr'>legiones</span> 
     </span>
     <span class='ocr_line' id='line_1_10' title="bbox 245 1339 1315 1425; baseline 0.004 -23"><span class='ocrx_word' id='word_1_68' title='bbox 245 1339 447 1423; x_wconf 82' lang='lat' dir='ltr'>vl1.,V111,</span> <span class='ocrx_word' id='word_1_69' title='bbox 471 1341 575 1404; x_wconf 87' lang='lat' dir='ltr'>VIIII.</span> <span class='ocrx_word' id='word_1_70' title='bbox 600 1346 673 1404; x_wconf 91' lang='lat' dir='ltr'>ante</span> <span class='ocrx_word' id='word_1_71' title='bbox 697 1343 803 1404; x_wconf 91' lang='lat' dir='ltr'>omnia</span> <span class='ocrx_word' id='word_1_72' title='bbox 826 1343 910 1407; x_wconf 89' lang='lat' dir='ltr'>irent</span> <span class='ocrx_word' id='word_1_73' title='bbox 931 1342 1172 1425; x_wconf 84' lang='lat' dir='ltr'>impedimenta,</span> <span class='ocrx_word' id='word_1_74' title='bbox 1197 1342 1315 1407; x_wconf 91' lang='lat' dir='ltr'>deinde</span> 
     </span>
     <span class='ocr_line' id='line_1_11' title="bbox 206 1446 1314 1532; baseline 0.005 -23"><span class='ocrx_word' id='word_1_75' title='bbox 206 1467 232 1510; x_wconf 81' lang='lat'>15</span> <span class='ocrx_word' id='word_1_76' title='bbox 246 1449 389 1511; x_wconf 92' lang='lat' dir='ltr'>omnium</span> <span class='ocrx_word' id='word_1_77' title='bbox 417 1446 717 1530; x_wconf 87' lang='lat' dir='ltr'>impedimentorum</span> <span class='ocrx_word' id='word_1_78' title='bbox 746 1467 874 1532; x_wconf 81' lang='lat' dir='ltr'>agmen,</span> <span class='ocrx_word' id='word_1_79' title='bbox 903 1448 989 1531; x_wconf 91' lang='lat' dir='ltr'>quod</span> <span class='ocrx_word' id='word_1_80' title='bbox 1017 1455 1123 1514; x_wconf 90' lang='lat' dir='ltr'>tamen</span> <span class='ocrx_word' id='word_1_81' title='bbox 1152 1455 1219 1513; x_wconf 89' lang='lat' dir='ltr'>erat</span> <span class='ocrx_word' id='word_1_82' title='bbox 1246 1467 1314 1514; x_wconf 91' lang='lat' dir='ltr'>me-</span> 
     </span>
     <span class='ocr_line' id='line_1_12' title="bbox 246 1553 1313 1640; baseline 0.002 -24"><span class='ocrx_word' id='word_1_83' title='bbox 246 1553 364 1637; x_wconf 86' lang='lat' dir='ltr'>diocre,</span> <span class='ocrx_word' id='word_1_84' title='bbox 391 1558 427 1617; x_wconf 91' lang='lat' dir='ltr'>ut</span> <span class='ocrx_word' id='word_1_85' title='bbox 451 1554 485 1616; x_wconf 92' lang='lat' dir='ltr'>in</span> <span class='ocrx_word' id='word_1_86' title='bbox 509 1554 769 1638; x_wconf 82' lang='lat' dir='ltr'>expeditionibus</span> <span class='ocrx_word' id='word_1_87' title='bbox 797 1574 865 1619; x_wconf 89' lang='lat' dir='ltr'>esse</span> <span class='ocrx_word' id='word_1_88' title='bbox 889 1557 1067 1638; x_wconf 77' lang='lat' dir='ltr'>consuevit,</span> <span class='ocrx_word' id='word_1_89' title='bbox 1081 1555 1221 1640; x_wconf 84' lang='lat' dir='ltr'>‘cogeret</span> <span class='ocrx_word' id='word_1_90' title='bbox 1243 1556 1313 1638; x_wconf 80' lang='lat' dir='ltr'>XI,</span> 
     </span>
     <span class='ocr_line' id='line_1_13' title="bbox 245 1660 1313 1746; baseline 0.003 -23"><span class='ocrx_word' id='word_1_91' title='bbox 245 1679 286 1724; x_wconf 92' lang='lat' dir='ltr'>ne</span> <span class='ocrx_word' id='word_1_92' title='bbox 309 1661 437 1725; x_wconf 87' lang='lat' dir='ltr'>maioris</span> <span class='ocrx_word' id='word_1_93' title='bbox 464 1660 681 1725; x_wconf 89' lang='lat' dir='ltr'>multitudinis</span> <span class='ocrx_word' id='word_1_94' title='bbox 709 1663 829 1744; x_wconf 91' lang='lat' dir='ltr'>species</span> <span class='ocrx_word' id='word_1_95' title='bbox 857 1663 999 1726; x_wconf 88' lang='lat' dir='ltr'>accidere</span> <span class='ocrx_word' id='word_1_96' title='bbox 1027 1662 1172 1726; x_wconf 88' lang='lat' dir='ltr'>hostibus</span> <span class='ocrx_word' id='word_1_97' title='bbox 1197 1669 1313 1746; x_wconf 89' lang='lat' dir='ltr'>posset,</span> 
     </span>
     <span class='ocr_line' id='line_1_14' title="bbox 246 1767 1343 1853; baseline 0.005 -24"><span class='ocrx_word' id='word_1_98' title='bbox 246 1786 340 1848; x_wconf 89' lang='lat' dir='ltr'>quam</span> <span class='ocrx_word' id='word_1_99' title='bbox 373 1769 435 1850; x_wconf 92' lang='lat' dir='ltr'>ipsi</span> <span class='ocrx_word' id='word_1_100' title='bbox 467 1767 731 1851; x_wconf 86' lang='lat' dir='ltr'>depoposcissent.</span> <span class='ocrx_word' id='word_1_101' title='bbox 778 1770 837 1832; x_wconf 88' lang='lat' dir='ltr'>hac</span> <span class='ocrx_word' id='word_1_102' title='bbox 868 1769 990 1832; x_wconf 90' lang='lat' dir='ltr'>ratione</span> <span class='ocrx_word' id='word_1_103' title='bbox 1022 1787 1123 1852; x_wconf 88' lang='lat' dir='ltr'>paene</span> <span class='ocrx_word' id='word_1_104' title='bbox 1157 1769 1343 1853; x_wconf 63' lang='lat' dir='ltr'>quadratos</span> 
     </span>
     <span class='ocr_line' id='line_1_15' title="bbox 245 1875 1311 1959; baseline 0.003 -23"><span class='ocrx_word' id='word_1_105' title='bbox 245 1875 372 1957; x_wconf 89' lang='lat' dir='ltr'>agmine</span> <span class='ocrx_word' id='word_1_106' title='bbox 395 1875 551 1938; x_wconf 91' lang='lat' dir='ltr'>instructo</span> <span class='ocrx_word' id='word_1_107' title='bbox 575 1877 609 1938; x_wconf 93' lang='lat' dir='ltr'>in</span> <span class='ocrx_word' id='word_1_108' title='bbox 626 1881 832 1958; x_wconf 87' lang='lat' dir='ltr'>conspectum</span> <span class='ocrx_word' id='word_1_109' title='bbox 847 1876 987 1938; x_wconf 88' lang='lat' dir='ltr'>hostium</span> <span class='ocrx_word' id='word_1_110' title='bbox 1008 1876 1143 1940; x_wconf 87' lang='lat' dir='ltr'>celerius</span> <span class='ocrx_word' id='word_1_111' title='bbox 1160 1877 1311 1959; x_wconf 90' lang='lat' dir='ltr'>opinione</span> 
     </span>
     <span class='ocr_line' id='line_1_16' title="bbox 218 1965 1379 2066; baseline 0.009 -24"><span class='ocrx_word' id='word_1_112' title='bbox 218 2000 356 2045; x_wconf 89' lang='lat' dir='ltr'>reorum</span> <span class='ocrx_word' id='word_1_113' title='bbox 379 1983 555 2045; x_wconf 90' lang='lat' dir='ltr'>exercitum</span> <span class='ocrx_word' id='word_1_114' title='bbox 579 1982 716 2046; x_wconf 92' lang='lat' dir='ltr'>adducit.</span> <span class='ocrx_word' id='word_1_115' title='bbox 764 1981 845 2046; x_wconf 81' lang='lat' dir='ltr'>(lum</span> <span class='ocrx_word' id='word_1_116' title='bbox 867 1987 997 2066; x_wconf 91' lang='lat' dir='ltr'>repente</span> <span class='ocrx_word' id='word_1_117' title='bbox 1025 1985 1197 2047; x_wconf 88' lang='lat' dir='ltr'>instructas</span> <span class='ocrx_word' id='word_1_118' title='bbox 1221 1983 1353 2052; x_wconf 62' lang='lat' dir='ltr'>veluto</span> <span class='ocrx_word' id='word_1_119' title='bbox 1378 1965 1379 1970; x_wconf 8' lang='grc' dir='ltr'>ἵ</span> 
     </span>
     <span class='ocr_line' id='line_1_17' title="bbox 244 2089 1312 2173; baseline 0.004 -23"><span class='ocrx_word' id='word_1_120' title='bbox 244 2089 278 2150; x_wconf 94' lang='lat' dir='ltr'>in</span> <span class='ocrx_word' id='word_1_121' title='bbox 302 2089 369 2153; x_wconf 87' lang='lat' dir='ltr'>acie</span> <span class='ocrx_word' id='word_1_122' title='bbox 393 2093 477 2152; x_wconf 92' lang='lat' dir='ltr'>certo</span> <span class='ocrx_word' id='word_1_123' title='bbox 497 2089 599 2172; x_wconf 89' lang='lat' dir='ltr'>gradu</span> <span class='ocrx_word' id='word_1_124' title='bbox 621 2089 763 2172; x_wconf 86' lang='lat' dir='ltr'>legiones</span> <span class='ocrx_word' id='word_1_125' title='bbox 785 2091 934 2154; x_wconf 87' lang='lat' dir='ltr'>accedere</span> <span class='ocrx_word' id='word_1_126' title='bbox 951 2089 1032 2154; x_wconf 85' lang='lat' dir='ltr'>Galli</span> <span class='ocrx_word' id='word_1_127' title='bbox 1049 2091 1208 2172; x_wconf 88' lang='lat' dir='ltr'>viderent,</span> <span class='ocrx_word' id='word_1_128' title='bbox 1232 2111 1312 2173; x_wconf 92' lang='lat' dir='ltr'>quo·</span> 
     </span>
     <span class='ocr_line' id='line_1_18' title="bbox 244 2195 1312 2279; baseline 0.001 -21"><span class='ocrx_word' id='word_1_129' title='bbox 244 2215 315 2258; x_wconf 90' lang='lat' dir='ltr'>rum</span> <span class='ocrx_word' id='word_1_130' title='bbox 344 2201 434 2258; x_wconf 85' lang='lat' dir='ltr'>erant</span> <span class='ocrx_word' id='word_1_131' title='bbox 466 2197 505 2259; x_wconf 89' lang='lat' dir='ltr'>ad</span> <span class='ocrx_word' id='word_1_132' title='bbox 534 2195 697 2260; x_wconf 82' lang='lat' dir='ltr'>Caesarem</span> <span class='ocrx_word' id='word_1_133' title='bbox 729 2196 824 2279; x_wconf 91' lang='lat' dir='ltr'>plena</span> <span class='ocrx_word' id='word_1_134' title='bbox 855 2196 992 2260; x_wconf 90' lang='lat' dir='ltr'>fiduciae</span> <span class='ocrx_word' id='word_1_135' title='bbox 1020 2196 1156 2260; x_wconf 87' lang='lat' dir='ltr'>consilia</span> <span class='ocrx_word' id='word_1_136' title='bbox 1183 2197 1312 2279; x_wconf 86' lang='lat' dir='ltr'>perlata,</span> 
     </span>
     <span class='ocr_line' id='line_1_19' title="bbox 244 2302 1312 2386; baseline 0.003 -22"><span class='ocrx_word' id='word_1_137' title='bbox 244 2303 311 2365; x_wconf 87' lang='lat' dir='ltr'>sive</span> <span class='ocrx_word' id='word_1_138' title='bbox 335 2303 516 2366; x_wconf 80' lang='lat' dir='ltr'>certaminis</span> <span class='ocrx_word' id='word_1_139' title='bbox 538 2303 680 2386; x_wconf 90' lang='lat' dir='ltr'>periculo</span> <span class='ocrx_word' id='word_1_140' title='bbox 710 2304 776 2367; x_wconf 88' lang='lat' dir='ltr'>sive</span> <span class='ocrx_word' id='word_1_141' title='bbox 805 2302 910 2366; x_wconf 89' lang='lat' dir='ltr'>subito</span> <span class='ocrx_word' id='word_1_142' title='bbox 939 2303 1078 2366; x_wconf 88' lang='lat' dir='ltr'>adventu</span> <span class='ocrx_word' id='word_1_143' title='bbox 1105 2304 1173 2367; x_wconf 89' lang='lat' dir='ltr'>sive</span> <span class='ocrx_word' id='word_1_144' title='bbox 1196 2322 1312 2386; x_wconf 90' lang='lat' dir='ltr'>expec-</span> 
     </span>
     <span class='ocr_line' id='line_1_20' title="bbox 216 2409 1310 2493; baseline 0.003 -24"><span class='ocrx_word' id='word_1_145' title='bbox 216 2411 361 2472; x_wconf 78' lang='lat' dir='ltr'>otatione</span> <span class='ocrx_word' id='word_1_146' title='bbox 384 2410 486 2472; x_wconf 92' lang='lat' dir='ltr'>nostri</span> <span class='ocrx_word' id='word_1_147' title='bbox 509 2409 630 2473; x_wconf 91' lang='lat' dir='ltr'>consilii</span> <span class='ocrx_word' id='word_1_148' title='bbox 648 2411 754 2493; x_wconf 88' lang='lat' dir='ltr'>copias</span> <span class='ocrx_word' id='word_1_149' title='bbox 770 2411 932 2474; x_wconf 88' lang='lat' dir='ltr'>instruunt</span> <span class='ocrx_word' id='word_1_150' title='bbox 954 2429 1010 2493; x_wconf 92' lang='lat' dir='ltr'>pro</span> <span class='ocrx_word' id='word_1_151' title='bbox 1028 2411 1139 2474; x_wconf 87' lang='lat' dir='ltr'>castris</span> <span class='ocrx_word' id='word_1_152' title='bbox 1162 2429 1222 2474; x_wconf 88' lang='lat' dir='ltr'>nec</span> <span class='ocrx_word' id='word_1_153' title='bbox 1240 2410 1310 2473; x_wconf 95' lang='lat' dir='ltr'>loco</span> 
     </span>
     <span class='ocr_line' id='line_1_21' title="bbox 243 2515 1343 2600; baseline 0.001 -21"><span class='ocrx_word' id='word_1_154' title='bbox 243 2517 406 2599; x_wconf 86' lang='lat' dir='ltr'>superiore</span> <span class='ocrx_word' id='word_1_155' title='bbox 423 2515 590 2580; x_wconf 89' lang='lat' dir='ltr'>decedunt.</span> <span class='ocrx_word' id='word_1_156' title='bbox 625 2515 753 2598; x_wconf 81' lang='lat' dir='ltr'>Caesar,</span> <span class='ocrx_word' id='word_1_157' title='bbox 769 2519 827 2580; x_wconf 91' lang='lat' dir='ltr'>etsi</span> <span class='ocrx_word' id='word_1_158' title='bbox 844 2517 997 2581; x_wconf 88' lang='lat' dir='ltr'>dimicare</span> <span class='ocrx_word' id='word_1_159' title='bbox 1014 2521 1187 2600; x_wconf 87' lang='lat' dir='ltr'>optaverat,</span> <span class='ocrx_word' id='word_1_160' title='bbox 1203 2521 1343 2580; x_wconf 83' lang='lat' dir='ltr'>tamena</span> 
     </span>
     <span class='ocr_line' id='line_1_22' title="bbox 244 2623 1310 2688; baseline 0.001 -3"><span class='ocrx_word' id='word_1_161' title='bbox 244 2623 417 2687; x_wconf 89' lang='lat' dir='ltr'>admiratus</span> <span class='ocrx_word' id='word_1_162' title='bbox 444 2627 564 2687; x_wconf 86' lang='lat' dir='ltr'>tantam</span> <span class='ocrx_word' id='word_1_163' title='bbox 592 2623 829 2688; x_wconf 90' lang='lat' dir='ltr'>multitudinem</span> <span class='ocrx_word' id='word_1_164' title='bbox 857 2625 997 2687; x_wconf 91' lang='lat' dir='ltr'>hostium</span> <span class='ocrx_word' id='word_1_165' title='bbox 1020 2624 1103 2688; x_wconf 89' lang='lat' dir='ltr'>valle</span> <span class='ocrx_word' id='word_1_166' title='bbox 1128 2625 1310 2687; x_wconf 87' lang='lat' dir='ltr'>intermissa</span> 
     </span>
     <span class='ocr_line' id='line_1_23' title="bbox 243 2730 1310 2814; baseline 0 -22"><span class='ocrx_word' id='word_1_167' title='bbox 243 2731 345 2814; x_wconf 89' lang='lat' dir='ltr'>magis</span> <span class='ocrx_word' id='word_1_168' title='bbox 373 2731 408 2793; x_wconf 95' lang='lat' dir='ltr'>in</span> <span class='ocrx_word' id='word_1_169' title='bbox 437 2731 636 2795; x_wconf 88' lang='lat' dir='ltr'>altitudinem</span> <span class='ocrx_word' id='word_1_170' title='bbox 665 2730 815 2813; x_wconf 87' lang='lat' dir='ltr'>depressa</span> <span class='ocrx_word' id='word_1_171' title='bbox 843 2749 937 2811; x_wconf 88' lang='lat' dir='ltr'>quarn</span> <span class='ocrx_word' id='word_1_172' title='bbox 966 2730 1028 2794; x_wconf 89' lang='lat' dir='ltr'>late</span> <span class='ocrx_word' id='word_1_173' title='bbox 1052 2734 1179 2812; x_wconf 88' lang='lat' dir='ltr'>patente</span> <span class='ocrx_word' id='word_1_174' title='bbox 1207 2735 1310 2793; x_wconf 88' lang='lat' dir='ltr'>castra</span> 
     </span>
     <span class='ocr_line' id='line_1_24' title="bbox 243 2834 1343 2919; baseline -0.002 -19"><span class='ocrx_word' id='word_1_175' title='bbox 243 2838 354 2902; x_wconf 87' lang='lat' dir='ltr'>castris</span> <span class='ocrx_word' id='word_1_176' title='bbox 381 2839 520 2901; x_wconf 91' lang='lat' dir='ltr'>hostium</span> <span class='ocrx_word' id='word_1_177' title='bbox 548 2838 677 2901; x_wconf 87' lang='lat' dir='ltr'>confert.</span> <span class='ocrx_word' id='word_1_178' title='bbox 724 2838 801 2900; x_wconf 91' lang='lat' dir='ltr'>haec</span> <span class='ocrx_word' id='word_1_179' title='bbox 828 2838 964 2919; x_wconf 89' lang='lat' dir='ltr'>imperat</span> <span class='ocrx_word' id='word_1_180' title='bbox 992 2835 1073 2899; x_wconf 88' lang='lat' dir='ltr'>vallo</span> <span class='ocrx_word' id='word_1_181' title='bbox 1101 2835 1219 2919; x_wconf 88' lang='lat' dir='ltr'>pedum</span> <span class='ocrx_word' id='word_1_182' title='bbox 1241 2834 1308 2898; x_wconf 87' lang='lat' dir='ltr'>XII</span> <span class='ocrx_word' id='word_1_183' title='bbox 1323 2859 1343 2898; x_wconf 82' lang='lat' dir='ltr'>e</span> 
     </span>
    </p>
   </div>
   <div class='ocr_carea' id='block_1_3' title="bbox 203 2941 1342 3455">
    <p class='ocr_par' dir='ltr' id='par_1_3' title="bbox 203 2941 1342 3455">
     <span class='ocr_line' id='line_1_25' title="bbox 203 2941 1310 3028; baseline 0.001 -25"><span class='ocrx_word' id='word_1_184' title='bbox 203 2945 378 3026; x_wconf 84' lang='lat' dir='ltr'>remuniri,</span> <span class='ocrx_word' id='word_1_185' title='bbox 411 2945 578 3008; x_wconf 92' lang='lat' dir='ltr'>loriculam</span> <span class='ocrx_word' id='word_1_186' title='bbox 605 2963 662 3028; x_wconf 94' lang='lat' dir='ltr'>pro</span> <span class='ocrx_word' id='word_1_187' title='bbox 692 2942 774 3027; x_wconf 87' lang='lat' dir='ltr'>[hac]</span> <span class='ocrx_word' id='word_1_188' title='bbox 803 2945 925 3006; x_wconf 92' lang='lat' dir='ltr'>ratione</span> <span class='ocrx_word' id='word_1_189' title='bbox 958 2943 1028 3006; x_wconf 92' lang='lat' dir='ltr'>eius</span> <span class='ocrx_word' id='word_1_190' title='bbox 1057 2941 1233 3005; x_wconf 87' lang='lat' dir='ltr'>altitudinis</span> <span class='ocrx_word' id='word_1_191' title='bbox 1260 2943 1310 3004; x_wconf 92' lang='lat' dir='ltr'>in-</span> 
     </span>
     <span class='ocr_line' id='line_1_26' title="bbox 243 3049 1311 3134; baseline -0.003 -20"><span class='ocrx_word' id='word_1_192' title='bbox 243 3051 416 3133; x_wconf 86' lang='lat' dir='ltr'>aedificari,</span> <span class='ocrx_word' id='word_1_193' title='bbox 439 3051 555 3115; x_wconf 87' lang='lat' dir='ltr'>fossam</span> <span class='ocrx_word' id='word_1_194' title='bbox 579 3051 738 3134; x_wconf 91' lang='lat' dir='ltr'>duplicem</span> <span class='ocrx_word' id='word_1_195' title='bbox 760 3049 878 3134; x_wconf 91' lang='lat' dir='ltr'>pedum</span> <span class='ocrx_word' id='word_1_196' title='bbox 893 3050 1039 3132; x_wconf 85' lang='lat' dir='ltr'>&#39;quinum</span> <span class='ocrx_word' id='word_1_197' title='bbox 1063 3050 1182 3112; x_wconf 91' lang='lat' dir='ltr'>denum</span> <span class='ocrx_word' id='word_1_198' title='bbox 1204 3049 1311 3112; x_wconf 88' lang='lat' dir='ltr'>lateri·</span> 
     </span>
     <span class='ocr_line' id='line_1_27' title="bbox 242 3155 1309 3241; baseline -0.002 -21"><span class='ocrx_word' id='word_1_199' title='bbox 242 3157 302 3222; x_wconf 90' lang='lat' dir='ltr'>bus</span> <span class='ocrx_word' id='word_1_200' title='bbox 319 3158 455 3241; x_wconf 89' lang='lat' dir='ltr'>deprimi</span> <span class='ocrx_word' id='word_1_201' title='bbox 471 3158 620 3239; x_wconf 87' lang='lat' dir='ltr'>derectis,</span> <span class='ocrx_word' id='word_1_202' title='bbox 643 3161 745 3220; x_wconf 84' lang='lat' dir='ltr'>turres</span> <span class='ocrx_word' id='word_1_203' title='bbox 762 3157 896 3222; x_wconf 86' lang='lat' dir='ltr'>excitari</span> <span class='ocrx_word' id='word_1_204' title='bbox 913 3156 1039 3220; x_wconf 89' lang='lat' dir='ltr'>crebras</span> <span class='ocrx_word' id='word_1_205' title='bbox 1056 3157 1091 3219; x_wconf 94' lang='lat' dir='ltr'>in</span> <span class='ocrx_word' id='word_1_206' title='bbox 1107 3155 1309 3219; x_wconf 90' lang='lat' dir='ltr'>altitudinem</span> 
     </span>
     <span class='ocr_line' id='line_1_28' title="bbox 241 3263 1310 3347; baseline -0.004 -19"><span class='ocrx_word' id='word_1_207' title='bbox 241 3266 338 3328; x_wconf 85' lang='lat' dir='ltr'>trium</span> <span class='ocrx_word' id='word_1_208' title='bbox 365 3264 593 3347; x_wconf 73' lang='lat' dir='ltr'>tabulatorum,</span> <span class='ocrx_word' id='word_1_209' title='bbox 624 3263 775 3347; x_wconf 90' lang='lat' dir='ltr'>pontibus</span> <span class='ocrx_word' id='word_1_210' title='bbox 803 3265 942 3328; x_wconf 87' lang='lat' dir='ltr'>traiectis</span> <span class='ocrx_word' id='word_1_211' title='bbox 974 3264 1206 3345; x_wconf 85' lang='lat' dir='ltr'>constratisque</span> <span class='ocrx_word' id='word_1_212' title='bbox 1234 3281 1310 3325; x_wconf 91' lang='lat' dir='ltr'>oon-</span> 
     </span>
     <span class='ocr_line' id='line_1_29' title="bbox 241 3369 1342 3455; baseline -0.005 -21"><span class='ocrx_word' id='word_1_213' title='bbox 241 3373 344 3454; x_wconf 91' lang='lat' dir='ltr'>iungi,</span> <span class='ocrx_word' id='word_1_214' title='bbox 378 3391 515 3455; x_wconf 91' lang='lat' dir='ltr'>quorum</span> <span class='ocrx_word' id='word_1_215' title='bbox 546 3371 664 3435; x_wconf 89' lang='lat' dir='ltr'>frontes</span> <span class='ocrx_word' id='word_1_216' title='bbox 691 3371 830 3434; x_wconf 88' lang='lat' dir='ltr'>viminea</span> <span class='ocrx_word' id='word_1_217' title='bbox 862 3370 997 3434; x_wconf 91' lang='lat' dir='ltr'>loricula</span> <span class='ocrx_word' id='word_1_218' title='bbox 1025 3369 1240 3450; x_wconf 81' lang='lat' dir='ltr'>munirentur,</span> <span class='ocrx_word' id='word_1_219' title='bbox 1274 3374 1342 3431; x_wconf 77' lang='lat' dir='ltr'>utr-</span> 
     </span>
    </p>
   </div>
   <div class='ocr_carea' id='block_1_4' title="bbox 240 3545 1313 4328">
    <p class='ocr_par' dir='ltr' id='par_1_4' title="bbox 241 3545 1311 3797">
     <span class='ocr_line' id='line_1_30' title="bbox 331 3545 1309 3617; baseline -0.007 -15"><span class='ocrx_word' id='word_1_220' title='bbox 331 3549 553 3617; x_wconf 70' lang='lat' dir='ltr'>lelectaequefl</span> <span class='ocrx_word' id='word_1_221' title='bbox 584 3547 593 3615; x_wconf 91' lang='grc' dir='ltr'>ΗΗ</span> <span class='ocrx_word' id='word_1_222' title='bbox 623 3546 711 3600; x_wconf 88' lang='lat' dir='ltr'>8iam</span> <span class='ocrx_word' id='word_1_223' title='bbox 731 3552 820 3612; x_wconf 68' lang='lat' dir='ltr'>cnop</span> <span class='ocrx_word' id='word_1_224' title='bbox 850 3546 859 3614; x_wconf 91' lang='grc' dir='ltr'>ΗΗ</span> <span class='ocrx_word' id='word_1_225' title='bbox 891 3545 1021 3614; x_wconf 89' lang='lat' dir='ltr'>stipendio</span> <span class='ocrx_word' id='word_1_226' title='bbox 1040 3545 1131 3598; x_wconf 83' lang='lat' dir='ltr'>functa</span> <span class='ocrx_word' id='word_1_227' title='bbox 1143 3547 1232 3596; x_wconf 84' lang='lat' dir='ltr'>tamen</span> <span class='ocrx_word' id='word_1_228' title='bbox 1245 3559 1309 3596; x_wconf 90' lang='lat' dir='ltr'>con-</span> 
     </span>
     <span class='ocr_line' id='line_1_31' title="bbox 241 3631 1311 3705; baseline -0.007 -13"><span class='ocrx_word' id='word_1_229' title='bbox 241 3638 404 3704; x_wconf 70' lang='lat' dir='ltr'>locationefl</span> <span class='ocrx_word' id='word_1_230' title='bbox 435 3636 443 3705; x_wconf 92' lang='grc' dir='ltr'>ΗΗ</span> <span class='ocrx_word' id='word_1_231' title='bbox 477 3637 510 3690; x_wconf 90' lang='grc'>13</span> <span class='ocrx_word' id='word_1_232' title='bbox 528 3635 647 3704; x_wconf 90' lang='lat' dir='ltr'>legiones</span> <span class='ocrx_word' id='word_1_233' title='bbox 665 3634 758 3704; x_wconf 74' lang='lat' dir='ltr'>Friq.;</span> <span class='ocrx_word' id='word_1_234' title='bbox 777 3634 845 3704; x_wconf 87' lang='lat' dir='ltr'>legio</span> <span class='ocrx_word' id='word_1_235' title='bbox 864 3633 895 3686; x_wconf 91' lang='lat' dir='ltr'><em>X</em></span> <span class='ocrx_word' id='word_1_236' title='bbox 923 3634 932 3702; x_wconf 91' lang='grc' dir='ltr'>ΗΗ</span> <span class='ocrx_word' id='word_1_237' title='bbox 965 3633 999 3685; x_wconf 88' lang='grc'>14</span> <span class='ocrx_word' id='word_1_238' title='bbox 1018 3633 1078 3686; x_wconf 89' lang='lat' dir='ltr'>VII.</span> <span class='ocrx_word' id='word_1_239' title='bbox 1098 3638 1187 3698; x_wconf 67' lang='lat' dir='ltr'>obad</span> <span class='ocrx_word' id='word_1_240' title='bbox 1218 3633 1227 3700; x_wconf 92' lang='grc' dir='ltr'>ΗΗ</span> <span class='ocrx_word' id='word_1_241' title='bbox 1258 3631 1311 3684; x_wconf 86' lang='lat' dir='ltr'>iret</span> 
     </span>
     <span class='ocr_line' id='line_1_32' title="bbox 241 3723 877 3797; baseline -0.003 -19"><span class='ocrx_word' id='word_1_242' title='bbox 241 3746 259 3778; x_wconf 79' lang='lat' dir='ltr'>a</span> <span class='ocrx_word' id='word_1_243' title='bbox 290 3728 299 3795; x_wconf 90' lang='grc' dir='ltr'>ΗΗ</span> <span class='ocrx_word' id='word_1_244' title='bbox 332 3727 365 3780; x_wconf 89' lang='lat'>18</span> <span class='ocrx_word' id='word_1_245' title='bbox 384 3741 467 3794; x_wconf 88' lang='lat' dir='ltr'>paene</span> <span class='ocrx_word' id='word_1_246' title='bbox 486 3727 575 3790; x_wconf 65' lang='lat' dir='ltr'>obad</span> <span class='ocrx_word' id='word_1_247' title='bbox 605 3723 614 3791; x_wconf 91' lang='grc' dir='ltr'>ΗΗ</span> <span class='ocrx_word' id='word_1_248' title='bbox 647 3723 680 3777; x_wconf 89' lang='lat'>19</span> <span class='ocrx_word' id='word_1_249' title='bbox 699 3725 877 3797; x_wconf 65' lang='lat' dir='ltr'>conspectur]</span> 
     </span>
    </p>

    <p class='ocr_par' dir='ltr' id='par_1_5' title="bbox 240 3809 1313 4328">
     <span class='ocr_line' id='line_1_33' title="bbox 328 3809 1312 3881; baseline -0.01 -9"><span class='ocrx_word' id='word_1_250' title='bbox 328 3817 357 3872; x_wconf 82' lang='lat' dir='ltr'>a.</span> <span class='ocrx_word' id='word_1_251' title='bbox 377 3817 391 3867; x_wconf 95' lang='lat' dir='ltr'>l</span> <span class='ocrx_word' id='word_1_252' title='bbox 413 3813 480 3868; x_wconf 76' lang='lat' dir='ltr'>(lum</span> <span class='ocrx_word' id='word_1_253' title='bbox 500 3831 530 3879; x_wconf 77' lang='lat' dir='ltr'>a,</span> <span class='ocrx_word' id='word_1_254' title='bbox 550 3809 621 3877; x_wconf 79' lang='lat' dir='ltr'>Quas</span> <span class='ocrx_word' id='word_1_255' title='bbox 639 3811 794 3881; x_wconf 70' lang='lat' dir='ltr'>legionesfi</span> <span class='ocrx_word' id='word_1_256' title='bbox 825 3812 833 3880; x_wconf 93' lang='grc' dir='ltr'>ΗΗ</span> <span class='ocrx_word' id='word_1_257' title='bbox 866 3810 1017 3879; x_wconf 84' lang='lat' dir='ltr'>2legiones</span> <span class='ocrx_word' id='word_1_258' title='bbox 1032 3817 1114 3877; x_wconf 70' lang='lat' dir='ltr'>onafl</span> <span class='ocrx_word' id='word_1_259' title='bbox 1146 3810 1154 3877; x_wconf 93' lang='grc' dir='ltr'>ΗΗ</span> <span class='ocrx_word' id='word_1_260' title='bbox 1186 3809 1312 3863; x_wconf 86' lang='lat' dir='ltr'>uiderent</span> 
     </span>
     <span class='ocr_line' id='line_1_34' title="bbox 240 3898 1313 3972; baseline -0.007 -13"><span class='ocrx_word' id='word_1_261' title='bbox 240 3907 278 3959; x_wconf 87' lang='lat' dir='ltr'>cd.</span> <span class='ocrx_word' id='word_1_262' title='bbox 292 3906 361 3972; x_wconf 58' lang='lat' dir='ltr'>inc,</span> <span class='ocrx_word' id='word_1_263' title='bbox 380 3904 506 3958; x_wconf 91' lang='lat' dir='ltr'>uiderunt</span> <span class='ocrx_word' id='word_1_264' title='bbox 520 3919 550 3968; x_wconf 71' lang='grc' dir='ltr'>ας</span> <span class='ocrx_word' id='word_1_265' title='bbox 570 3917 631 3954; x_wconf 91' lang='lat' dir='ltr'>cum</span> <span class='ocrx_word' id='word_1_266' title='bbox 649 3901 801 3967; x_wconf 72' lang='lat' dir='ltr'>uiderentss</span> <span class='ocrx_word' id='word_1_267' title='bbox 823 3900 831 3969; x_wconf 93' lang='grc' dir='ltr'>ΗΗ</span> <span class='ocrx_word' id='word_1_268' title='bbox 855 3901 871 3955; x_wconf 89' lang='lat'><strong>3</strong></span> <span class='ocrx_word' id='word_1_269' title='bbox 890 3900 988 3954; x_wconf 88' lang='lat' dir='ltr'>fiducia</span> <span class='ocrx_word' id='word_1_270' title='bbox 1005 3907 1022 3968; x_wconf 80' lang='grc' dir='ltr'>β</span> <span class='ocrx_word' id='word_1_271' title='bbox 1043 3901 1052 3969; x_wconf 91' lang='grc' dir='ltr'>ΗΗ</span> <span class='ocrx_word' id='word_1_272' title='bbox 1076 3900 1093 3952; x_wconf 90' lang='grc'>4</span> <span class='ocrx_word' id='word_1_273' title='bbox 1112 3899 1168 3953; x_wconf 86' lang='lat' dir='ltr'>siue</span> <span class='ocrx_word' id='word_1_274' title='bbox 1182 3916 1242 3968; x_wconf 90' lang='lat' dir='ltr'>exp.</span> <span class='ocrx_word' id='word_1_275' title='bbox 1253 3898 1313 3966; x_wconf 51' lang='lat' dir='ltr'>Aa,</span> 
     </span>
     <span class='ocr_line' id='line_1_35' title="bbox 241 3987 1309 4063; baseline -0.007 -15"><span class='ocrx_word' id='word_1_276' title='bbox 241 4011 288 4048; x_wconf 87' lang='lat' dir='ltr'>seu</span> <span class='ocrx_word' id='word_1_277' title='bbox 301 4011 360 4063; x_wconf 86' lang='lat' dir='ltr'>exp.</span> <span class='ocrx_word' id='word_1_278' title='bbox 376 4013 393 4045; x_wconf 82' lang='lat' dir='ltr'>a</span> <span class='ocrx_word' id='word_1_279' title='bbox 416 3993 424 4062; x_wconf 90' lang='grc' dir='ltr'>ΗΗ</span> <span class='ocrx_word' id='word_1_280' title='bbox 449 3991 483 4047; x_wconf 89' lang='grc'>10</span> <span class='ocrx_word' id='word_1_281' title='bbox 495 3990 598 4044; x_wconf 91' lang='lat' dir='ltr'>munire</span> <span class='ocrx_word' id='word_1_282' title='bbox 618 3989 654 4058; x_wconf 80' lang='lat' dir='ltr'>as</span> <span class='ocrx_word' id='word_1_283' title='bbox 671 3991 680 4059; x_wconf 91' lang='grc' dir='ltr'>ΗΗ</span> <span class='ocrx_word' id='word_1_284' title='bbox 702 3991 752 4044; x_wconf 92' lang='lat' dir='ltr'>hac</span> <span class='ocrx_word' id='word_1_285' title='bbox 770 3991 819 4044; x_wconf 86' lang='lat' dir='ltr'>del.</span> <span class='ocrx_word' id='word_1_286' title='bbox 839 3990 917 4059; x_wconf 74' lang='lat' dir='ltr'>Isr&#39;ps.</span> <span class='ocrx_word' id='word_1_287' title='bbox 942 3990 950 4058; x_wconf 93' lang='grc' dir='ltr'>ΗΗ</span> <span class='ocrx_word' id='word_1_288' title='bbox 973 3990 1064 4043; x_wconf 88' lang='grc'>9-11</span> <span class='ocrx_word' id='word_1_289' title='bbox 1084 3990 1143 4058; x_wconf 93' lang='lat' dir='ltr'>ped.</span> <span class='ocrx_word' id='word_1_290' title='bbox 1164 3987 1228 4042; x_wconf 90' lang='lat' dir='ltr'>XII.</span> <span class='ocrx_word' id='word_1_291' title='bbox 1247 4005 1309 4041; x_wconf 83' lang='lat' dir='ltr'>rnu-</span> 
     </span>
     <span class='ocr_line' id='line_1_36' title="bbox 240 4076 1308 4154; baseline -0.006 -18"><span class='ocrx_word' id='word_1_292' title='bbox 240 4083 302 4154; x_wconf 89' lang='lat' dir='ltr'>niri,</span> <span class='ocrx_word' id='word_1_293' title='bbox 322 4083 424 4138; x_wconf 91' lang='lat' dir='ltr'>coronis</span> <span class='ocrx_word' id='word_1_294' title='bbox 443 4079 636 4146; x_wconf 70' lang='lat' dir='ltr'>inaedificarifl</span> <span class='ocrx_word' id='word_1_295' title='bbox 671 4081 680 4148; x_wconf 93' lang='grc' dir='ltr'>ΗΗ</span> <span class='ocrx_word' id='word_1_296' title='bbox 718 4081 750 4132; x_wconf 88' lang='grc'>11</span> <span class='ocrx_word' id='word_1_297' title='bbox 770 4080 867 4132; x_wconf 88' lang='lat' dir='ltr'>denum</span> <span class='ocrx_word' id='word_1_298' title='bbox 891 4079 1003 4149; x_wconf 90' lang='lat' dir='ltr'>quinum</span> <span class='ocrx_word' id='word_1_299' title='bbox 1026 4098 1044 4130; x_wconf 82' lang='lat' dir='ltr'>a</span> <span class='ocrx_word' id='word_1_300' title='bbox 1080 4078 1089 4148; x_wconf 91' lang='grc' dir='ltr'>ΗΗ</span> <span class='ocrx_word' id='word_1_301' title='bbox 1126 4080 1167 4130; x_wconf 94' lang='grc'>11.</span> <span class='ocrx_word' id='word_1_302' title='bbox 1189 4078 1222 4130; x_wconf 87' lang='grc'>12</span> <span class='ocrx_word' id='word_1_303' title='bbox 1240 4076 1308 4131; x_wconf 87' lang='lat' dir='ltr'>late-</span> 
     </span>
     <span class='ocr_line' id='line_1_37' title="bbox 240 4165 1313 4239; baseline -0.006 -14"><span class='ocrx_word' id='word_1_304' title='bbox 240 4171 312 4226; x_wconf 87' lang='lat' dir='ltr'>ribus</span> <span class='ocrx_word' id='word_1_305' title='bbox 336 4171 448 4226; x_wconf 88' lang='lat' dir='ltr'>derectis</span> <span class='ocrx_word' id='word_1_306' title='bbox 472 4169 639 4239; x_wconf 87' lang='lat' dir='ltr'>deprimitur,</span> <span class='ocrx_word' id='word_1_307' title='bbox 667 4184 710 4224; x_wconf 91' lang='lat' dir='ltr'>res</span> <span class='ocrx_word' id='word_1_308' title='bbox 734 4168 839 4223; x_wconf 88' lang='lat' dir='ltr'>crebras</span> <span class='ocrx_word' id='word_1_309' title='bbox 857 4167 1002 4235; x_wconf 68' lang='lat' dir='ltr'>excitarifl</span> <span class='ocrx_word' id='word_1_310' title='bbox 1043 4167 1051 4235; x_wconf 92' lang='grc' dir='ltr'>ΗΗ</span> <span class='ocrx_word' id='word_1_311' title='bbox 1094 4167 1127 4220; x_wconf 90' lang='grc'>14</span> <span class='ocrx_word' id='word_1_312' title='bbox 1146 4165 1255 4220; x_wconf 87' lang='lat' dir='ltr'>loricula</span> <span class='ocrx_word' id='word_1_313' title='bbox 1275 4165 1313 4232; x_wconf 57' lang='grc' dir='ltr'>δ’,</span> 
     </span>
     <span class='ocr_line' id='line_1_38' title="bbox 240 4258 551 4328; baseline -0.003 -15"><span class='ocrx_word' id='word_1_314' title='bbox 240 4261 354 4315; x_wconf 87' lang='lat' dir='ltr'>luricula</span> <span class='ocrx_word' id='word_1_315' title='bbox 372 4260 411 4328; x_wconf 72' lang='lat' dir='ltr'>X,</span> <span class='ocrx_word' id='word_1_316' title='bbox 430 4258 551 4313; x_wconf 82' lang='lat' dir='ltr'>luricab</span> 
     </span>
    </p>
   </div>
   <div class='ocr_carea' id='block_1_5' title="bbox 0 0 1612 4812">
    <p class='ocr_par' dir='ltr' id='par_1_6' title="bbox 0 0 1612 4812">
     <span class='ocr_line' id='line_1_39' title="bbox 0 0 1612 4812; baseline 0 1"><span class='ocrx_word' id='word_1_317' title='bbox 0 0 1612 4812; x_wconf 95' lang='lat' dir='ltr'> </span> 
     </span>
    </p>
   </div>
  </div>
 </body>
</html>
