3214 4812
575 307 683 362 LIBER
701 308 761 362 VII.
782 307 858 363 CAP.
879 310 1000 363 71-73.
1258 295 1321 356 205

251 471 362 554 piavit.
386 476 458 553 post
481 489 534 535 eas
558 490 706 554 aggerem
729 491 766 534 ao
789 472 909 534 vallum
932 471 999 535 XII
1019 472 1137 555 pedum
1162 473 1350 552 extruxit34

254 577 330 640 huic
352 577 484 640 loricam
507 579 687 661 pinnasque
712 578 827 642 adiecit
849 578 1024 662 grandibus
1053 579 1156 642 cervis
1181 581 1323 642 eminen-

210 708 241 750 15
255 683 340 748 tibus
364 685 404 747 ad
420 686 645 748 commissuras
660 685 843 768 pluteorum
861 690 956 767 atque
976 687 1112 768 aggone,
1137 686 1193 767 qui
1214 704 1324 750 ascen-

254 810 327 854 sum
350 792 489 854 hostium
514 792 686 874 tardarent,
715 796 747 855 et
769 797 872 856 turres
896 796 961 856 toto
986 809 1078 875 opere
1106 792 1323 875 circumdedit,

231 916 341 978 cquae
363 898 461 982 pedes
484 897 613 962 LXXX
635 900 719 962 inter
746 916 780 961 se
804 899 964 962 distarent.
1010 897 1088 962 Erat
1110 899 1222 963 eodem
1247 904 1325 963 tem·
1344 913 1379 969 73

255 1024 331 1088 pore
355 1009 387 1068 et
408 1006 569 1068 materiari
593 1010 625 1068 et
646 1005 834 1069 frumentari
857 1011 888 1068 et
911 1009 1014 1070 tantas
1037 1006 1232 1069 munitiones
1254 1005 1324 1070 fieri

254 1130 386 1176 necesse
415 1111 588 1175 deminutis
614 1113 733 1176 nostris
761 1113 873 1195 copiis,
903 1131 983 1194 quae
1010 1112 1139 1196 longius
1167 1132 1185 1174 a
1213 1113 1324 1177 castris

255 1217 552 1301 progrediebantur3
571 1239 607 1282 ac
622 1237 689 1282 non
705 1238 883 1301 numquam
899 1239 993 1302 opera
1007 1223 1116 1283 nostra
1129 1219 1212 1283 Galli
1225 1224 1324 1303 temp-

224 1329 323 1388 atare
348 1330 443 1406 atque
467 1326 667 1408 eruptionem
695 1344 737 1388 ex
760 1325 875 1409 oppido
903 1325 1050 1408 pluribus
1077 1327 1177 1409 portis
1201 1346 1325 1390 summa

257 1431 287 1492 vi
311 1431 414 1495 facere
437 1430 642 1496 conabantur.
683 1451 781 1514 quare
804 1432 939 1496 adhaec
958 1452 1069 1495 rursus
1093 1451 1189 1515 opera
1205 1433 1352 1497 adden-a

256 1537 334 1600 dum
358 1536 474 1602 Caesar
496 1539 631 1621 putavit,
660 1558 723 1620 quo
747 1539 870 1602 minore
892 1557 1026 1602 numero
1055 1539 1193 1601 militum
1219 1540 1325 1602 muni·
1406 1604 1408 1606 ,

256 1645 360 1708 tiones
389 1644 517 1709 defendi
541 1651 678 1728 possent.
724 1647 833 1728 itaque
861 1645 983 1708 truncis
1010 1644 1161 1708 arborum
1188 1650 1244 1708 aut
1271 1646 1325 1708 ad·

256 1751 389 1813 modum
415 1750 516 1814 firmis
543 1754 640 1815 ramis
668 1752 799 1816 abscisis
833 1756 927 1834 atque
955 1752 1070 1814 horum
1099 1750 1261 1815 delibratis
1289 1772 1325 1815 ac

213 1879 243 1922 10
256 1859 434 1940 praeacutis
451 1859 671 1923 cacuminibus
687 1863 859 1943 perpetuae
879 1858 982 1922 fossae
999 1859 1114 1940 quinos
1129 1858 1225 1941 pedes
1244 1859 1325 1923 altae

257 1964 465 2028 ducebantur.
505 1967 567 2029 huc
590 1966 638 2028 illi
661 1966 784 2049 stipites
801 1965 931 2030 demissi
954 1969 985 2029 et
1001 1965 1039 2028 ab
1056 1964 1166 2028 infimo
1182 1965 1325 2048 revincti,
1340 1987 1353 2028 a

257 2090 298 2135 ne
314 2072 426 2136 revelli
441 2077 578 2155 possent,
595 2073 634 2136 ab
649 2074 746 2136 ramis
761 2071 951 2136 eminebant.
977 2073 1067 2155 quini
1084 2077 1174 2146 erant
1190 2073 1353 2154 ordinesr

256 2179 423 2242 coniuncti
444 2180 527 2242 inter
549 2199 583 2242 se
604 2183 699 2262 atque
715 2179 881 2262 implicati,
907 2198 970 2260 quo
988 2181 1044 2262 qui
1059 2181 1268 2261 intraverant,
1292 2199 1326 2244 se

258 2285 320 2367 ipsi
343 2287 534 2350 acutissimis
558 2286 650 2349 vallis
673 2286 858 2350 induebant.
904 2287 963 2350 hos
987 2287 1095 2369 cippos
1118 2286 1353 2369 appellabants

216 2413 244 2456 ιε
259 2397 332 2455 ante
367 2393 424 2456 hos
459 2393 597 2474 obliquis
635 2393 801 2457 ordinibus
839 2394 874 2456 in
913 2394 1127 2474 quincuncem
1167 2393 1326 2476 dispositis

257 2499 386 2563 scrobes
409 2501 445 2561 in
468 2499 669 2563 altitudinem
693 2501 789 2563 trium
813 2500 932 2583 pedum
949 2498 1154 2563 fodiebantur
1172 2501 1326 2584 pardatim

257 2608 441 2689 angustiore
466 2607 505 2670 ad
528 2606 677 2670 infimum
699 2607 831 2692 fastigio.
869 2608 933 2670 huc
957 2611 1070 2670 teretes
1094 2608 1215 2690 stipites
1237 2608 1354 2672 femi-a

258 2713 309 2776 nis
337 2713 547 2778 crassitudine
576 2714 614 2777 ab
644 2733 768 2778 summo
799 2715 962 2797 praeacuti
994 2718 1025 2776 et
1048 2715 1189 2797 praeusti
1215 2713 1327 2777 demit-

259 2819 409 2884 tebantur
435 2821 492 2902 ita,
520 2825 647 2884 utnon
676 2821 813 2904 amplius
842 2821 948 2903 digitis
976 2819 1044 2883 IIII
1072 2826 1222 2884 exterra
1250 2822 1327 2884 emi-

214 2933 386 3006 aonerent,
416 2928 511 2990 simul
535 2927 743 2991 confirmandi
767 2933 799 2991 et
822 2927 1003 2990 stabiliendi
1027 2945 1123 2988 causa
1146 2927 1264 3009 singuli
1288 2926 1355 2990 abr

259 3033 369 3098 infimo
394 3034 460 3098 solo
485 3035 580 3117 pedes
603 3039 687 3098 terra
710 3033 972 3115 exculcabantur,
1000 3033 1124 3114 reliqua
1147 3053 1220 3116 pars
1243 3053 1328 3097 scro-

261 3139 309 3204 bis
334 3141 374 3204 ad
397 3141 602 3204 occultandas
625 3140 757 3205 insidias
781 3140 956 3204 viminibus
980 3159 1016 3203 ac
1037 3141 1185 3224 virgultis
1208 3141 1329 3225 intege-

260 3246 361 3312 batur.
400 3249 495 3311 huius
518 3249 646 3332 generis
670 3251 776 3312 octoni
800 3247 926 3312 ordines
950 3247 1037 3311 ducti
1060 3252 1168 3312 ternos
1188 3249 1272 3311 inter
1294 3267 1355 3312 ses

351 3426 384 3479 13
403 3426 494 3493 postea
513 3440 635 3494 aggerem
654 3442 675 3476 π
704 3427 713 3492 ΗΗ
740 3425 774 3476 14
791 3423 938 3491 luricamfl
969 3424 978 3491 ΗΗ
1011 3424 1044 3477 15
1063 3438 1174 3492 aggeres
1193 3441 1211 3474 a
1243 3423 1251 3490 ΗΗ
1284 3423 1329 3500 qui

259 3531 292 3581 a3
311 3516 375 3581 ulfi

351 3603 678 3670 73.1e0de1na;e0a
710 3603 719 3667 Η
751 3600 1090 3669 2fie1iX3tueriScbn.
1122 3601 1131 3669 ΗΗ
1163 3599 1329 3655 3diminutis

259 3690 296 3762 qs
321 3694 331 3758 Η
367 3692 448 3760 copiis
467 3692 600 3760 nostrisfl
636 3694 645 3757 ΗΗ
681 3691 714 3745 ab
733 3711 750 3743 u
787 3692 796 3761 ΗΗ
833 3692 857 3743 7.
876 3690 893 3744 8
912 3689 1017 3744 defendi
1036 3687 1231 3755 munitionesss
1267 3690 1276 3757 ΗΗ
1312 3689 1329 3744 8

259 3783 308 3834 aut
326 3782 402 3850 (haut
422 3781 456 3850 S)
475 3781 515 3849 X3
534 3782 584 3835 dcl.
603 3781 690 3850 Na'pp.
722 3780 731 3849 ΗΗ
769 3781 800 3833 ll
822 3778 924 3832 dimissi
943 3797 984 3830 απ
1020 3779 1028 3842 Η
1066 3778 1099 3830 12
1119 3779 1194 3831 erant
1212 3794 1264 3830 om.
1285 3798 1302 3830 a
1322 3777 1330 3850 ΗΗ

263 3870 296 3923 13
316 3869 464 3938 complicati
484 3889 506 3922 π
542 3871 551 3939 ΗΗ
588 3872 621 3924 15
641 3871 701 3924 anta
719 3870 768 3922 hos
787 3867 900 3936 obliquis
918 3875 947 3935 ,53
971 3882 1037 3936 quos
1056 3867 1176 3936 obliquos
1196 3886 1213 3918 a
1250 3866 1258 3935 ΗΗ
1296 3868 1329 3921 16

260 3958 288 4010 in
307 3958 445 4012 altitudine
465 3958 508 4026 Αβ
543 3960 551 4027 ΗΗ
587 3962 641 4013 tres
659 3959 686 4011 in
706 3957 872 4012 altitudinem
892 3957 972 4025 pedes
992 3975 1009 4006 a
1046 3956 1054 4024 ΗΗ
1093 3957 1133 4011 18.
1155 3957 1188 4010 19
1207 3956 1329 4010 demitte-

261 4047 358 4102 bantur
375 4048 451 4115 Ald.;
475 4048 674 4102 dimittebantur
691 4047 722 4100 X
751 4049 759 4116 ΗΗ
793 4047 826 4101 19
845 4052 895 4112 erl
935 4044 943 4117 ΗΗ
985 4045 1017 4097 21
1038 4046 1119 4113 pedes
1138 4045 1180 4099 111
1198 4047 1269 4099 terra
1286 4053 1303 4112 β
1322 4045 1329 4118 ΗΗ

260 4137 297 4189 22
315 4137 435 4206 uirgultis
448 4144 475 4205 β;
495 4136 607 4191 uinordis
621 4156 638 4188 a
675 4135 682 4208 ΗΗ
720 4135 762 4189 22.
777 4136 811 4189 23
824 4135 962 4204 tegebatur
974 4133 1030 4203 χῶ
1050 4134 1233 4202 inpediebatur
1248 4134 1306 4188 ΒΜ
1322 4134 1330 4206 ΗΗ

261 4226 296 4280 23
316 4227 387 4281 ducti
406 4234 435 4295 β;
454 4227 538 4281 iuncti
559 4246 576 4278 a
