3218 4812
299 402 362 462 114
699 415 805 470 BELLI
825 416 966 471 GALLICI

297 579 484 662 Arpineius,
517 597 615 659 eques
642 578 820 661 RomanuS,
851 580 1019 643 familiaris
1048 578 1083 655 Q.
1111 581 1237 663 Titurii,
1272 586 1304 645 et
1331 579 1368 656 Q.

297 687 410 750 Iunius
434 704 476 749 ex
499 683 657 768 Hispania
681 686 824 768 quidam,
849 687 905 768 qui
928 687 992 750 iam
1016 691 1088 750 ante
1107 688 1207 750 missu
1223 686 1366 752 Caesaris

297 793 337 857 ad
361 793 581 876 Ambiorigem
604 794 760 857 ventitare
784 798 960 857 consuerat.
1000 794 1083 876 apud
1100 813 1180 876 quos
1195 794 1366 858 Ambiorix

269 901 336 966 aad
362 900 448 963 hunc
471 899 602 963 modum
625 899 752 964 locutus
769 905 829 964 est:
855 919 924 964 sese
940 920 996 984 pro
1014 900 1156 964 Caesaris
1172 901 1205 963 iu
1222 920 1255 964 se
1270 902 1396 968 bene-a

296 1007 377 1072 ficiis
400 1007 574 1090 plurimum
598 1007 628 1070 ei
651 1005 796 1071 confiteri
820 1006 949 1090 debere,
979 1008 1065 1090 quod
1093 1009 1162 1071 eius
1191 1027 1285 1091 opera
1312 1010 1365 1072 sti-

297 1115 413 1200 pendio
438 1113 591 1178 liberatus
615 1118 710 1194 esset,
735 1114 1014 1195 quodAtuatucis
1029 1113 1176 1178 finitimis
1199 1115 1265 1178 suis
1288 1134 1364 1199 pen-

296 1222 371 1286 dere
399 1225 597 1301 consuesset,
626 1221 777 1302 quodque
806 1222 835 1284 ei
864 1226 896 1285 et
922 1220 1008 1285 filius
1037 1227 1069 1285 et
1095 1221 1202 1284 fratris
1232 1220 1318 1284 filius
1347 1243 1365 1286 a

296 1330 430 1394 Caesare
457 1327 583 1392 remissi
612 1333 729 1408 esseut,
763 1347 843 1409 quos
870 1329 1024 1392 Atuatuci
1052 1328 1199 1392 obsidum
1231 1347 1364 1392 numero

268 1437 411 1500 amissos
435 1435 519 1518 apud
542 1453 576 1498 se
600 1435 634 1496 in
659 1435 810 1500 servitute
839 1441 871 1499 ot
894 1437 1014 1500 eatenis
1041 1437 1231 1516 tenuissent3
1259 1454 1365 1516 neque
1379 1458 1408 1499 10

298 1542 587 1625 id‚quodfece1it
615 1541 653 1606 de
683 1543 920 1625 oppugnatione
948 1535 1136 1622 castrorum,
1165 1547 1220 1605 aut
1245 1543 1363 1605 iudicio

297 1656 351 1713 aut
385 1649 548 1712 voluntate
581 1667 640 1710 sua
671 1648 798 1728 fecisse,
831 1650 886 1712 sed
919 1655 1031 1713 coactu
1059 1650 1208 1730 civitatis,
1243 1668 1363 1732 suaque

296 1775 365 1820 esse
390 1757 458 1820 aius
486 1753 574 1817 modi
604 1755 751 1838 imperia,
780 1760 815 1819 ut
841 1775 907 1818 non
935 1757 1042 1818 minus
1070 1755 1201 1820 haberat
1227 1757 1307 1818 iuris
1330 1757 1363 1818 in

267 1883 329 1927 ase
357 1862 529 1926 multitudo
559 1859 655 1943 quarn
683 1862 751 1945 ipse
775 1863 809 1924 in
832 1861 1079 1926 multitudinem.
1126 1863 1248 1925 civitati
1270 1882 1362 1946 porro

296 1970 376 2032 liano
399 1970 496 2032 fuisse
520 1967 597 2030 belli
621 1987 761 2049 causam,
786 1969 870 2050 quod
893 1970 1078 2052 repentinae
1103 1968 1267 2032 Gallorum
1290 1989 1363 2033 con·
1377 1990 1406 2032 ro

297 2076 449 2139 iurationi
472 2075 618 2138 resistere
641 2094 705 2137 non
730 2076 875 2157 potuerit.
914 2076 948 2138 id
971 2094 1005 2139 se
1022 2075 1114 2139 facile
1129 2094 1170 2139 ex
1186 2077 1362 2139 humilitate

296 2201 353 2246 sua
376 2181 512 2265 probare
534 2200 641 2265 posse,
671 2181 756 2263 quod
783 2201 850 2244 non
878 2182 956 2246 adeo
985 2184 1026 2245 sit
1053 2184 1220 2266 imperitus
1246 2202 1362 2264 rerum,

296 2295 331 2352 ut
354 2289 421 2351 suis
445 2288 546 2370 copiis
570 2288 725 2371 populum
747 2287 926 2351 Romanum
944 2291 1086 2372 superari
1102 2308 1194 2372 posse
1217 2288 1362 2353 confidat.

267 2396 350 2459 ssed
379 2413 448 2458 esse
478 2393 598 2458 Galliae
627 2413 796 2458 commune
825 2395 1009 2460 consilium:
1044 2396 1192 2459 omnibus
1220 2396 1362 2460 hibernis

295 2502 438 2566 Caesaris
472 2500 694 2584 oppugnandis
727 2501 813 2564 lrunc
846 2520 913 2565 esse
946 2503 1067 2566 dictum
1099 2503 1197 2584 diem,
1230 2522 1270 2566 ne
1299 2523 1362 2585 qua
1376 2523 1405 2565 ao

265 2608 376 2692 elegio
410 2608 501 2671 alteri
533 2607 653 2690 legioni
686 2607 830 2671 subsidio
862 2610 972 2673 venire
1007 2615 1121 2692 posset.
1171 2629 1237 2673 non
1269 2609 1361 2673 facile

293 2715 402 2780 Gallos
427 2715 526 2779 Callis
550 2733 666 2797 negare
690 2715 844 2797 potuisse,
867 2716 1053 2798 praesertim
1076 2735 1150 2778 cum
1174 2717 1212 2780 de
1231 2736 1361 2800 recupe-

265 2824 392 2886 rranda
415 2823 577 2886 communi
602 2821 748 2885 libertate
763 2821 934 2884 consilium
950 2824 1066 2885 initum
1082 2824 1251 2886 videretur.
1292 2826 1361 2905 qui-

293 2930 353 2993 bus
382 2930 534 3011 quoniam
566 2948 622 3011 pro
655 2930 771 3011 pietate
804 2929 879 2991 satis
907 2929 1029 3010 fecerit,
1063 2929 1178 2993 habere
1210 2950 1298 2993 nunc
1326 2951 1359 2994 se

292 3038 448 3099 rationem
482 3034 579 3098 officii
609 3054 667 3117 pro
700 3034 863 3098 beneficiis
896 3032 1053 3098 Caesaris:
1091 3056 1234 3118 monere,
1272 3058 1360 3101 orare
1374 3056 1403 3097 aa

293 3143 451 3205 Titurium
473 3159 530 3223 pro
551 3140 700 3223 hospitio,
725 3145 761 3202 ut
780 3159 856 3203 suae
875 3159 911 3202 ao
931 3141 1069 3203 militnm
1093 3143 1188 3205 saluti
1206 3145 1358 3208 consulat.

266 3267 441 3332 amagnam
464 3266 593 3310 manum
620 3245 851 3310 Germanorum
875 3246 1064 3310 conductam
1087 3249 1234 3314 Rhenum
1258 3258 1359 3315 trans-

265 3358 369 3434 oisse3
394 3356 476 3417 hano
500 3352 608 3416 adfore
624 3353 730 3415 biduo.
770 3354 912 3435 ipsorum
928 3372 995 3417 essa
1012 3356 1193 3438 consilium,
1217 3358 1358 3422 velintne

210 3479 213 3483 ·
291 3465 379 3545 prius
404 3481 500 3543 quam
523 3458 651 3521 finitimi
679 3459 819 3522 sentiant
846 3459 976 3522 eductos
1004 3479 1044 3523 ex
1072 3461 1214 3526 hibernis
1241 3465 1358 3528 milites

292 3576 347 3632 aut
379 3568 418 3631 ad
448 3566 634 3630 Ciceronem
663 3570 718 3627 aut
746 3565 786 3627 ad
813 3562 991 3629 Labienum
1019 3568 1189 3648 deducere,
1222 3588 1402 3650 quorumao

292 3677 371 3738 alter
393 3675 483 3737 milia
505 3692 658 3757 passuum
682 3673 806 3734 circiter
829 3670 866 3754 L,
891 3673 970 3736 alter
993 3675 1088 3757 paulo
1105 3676 1240 3759 amplius
1264 3677 1357 3739 abiis

381 3849 446 3914 2Q.
471 3849 572 3916 Titurii]
602 3848 632 3914 Q.
657 3853 750 3913 carad
791 3849 798 3912 ΙΙ
844 3848 986 3917 3quidam
1008 3850 1057 3902 del.
1083 3849 1245 3904 *HJMa'ller
1287 3853 1295 3921 ll
1340 3854 1357 3904 4

290 3941 510 4004 consueuerantp
533 3941 541 4008 ll
564 3938 623 3991 5ad
637 3955 667 4003 “3
681 3936 707 3988 in
720 3943 737 4002 β
760 3937 768 4004 ll
793 3937 807 3988 7
822 3938 958 3990 aduatucis
973 3957 1002 4004 u3
1016 3939 1118 3992 uatucis
1130 3939 1162 4006 S;
1176 3940 1293 3994 anatocis
1308 3940 1331 4004 Q
1349 3940 1356 4012 ll

290 4029 433 4093 8ei0t1c3
453 4027 512 4093 eid
543 4026 551 4092 ll
584 4025 616 4078 ab
636 4044 653 4075 u
686 4025 694 4092 ll
726 4025 837 4078 9missi
856 4025 930 4091 Ana
961 4027 969 4092 ll
1001 4028 1123 4080 aduatuci
1143 4048 1160 4079 a
1193 4031 1201 4098 ll
1235 4032 1264 4081 11
1286 4031 1357 4084 fece-

290 4120 372 4184 riotfl
403 4118 411 4184 ll
444 4116 476 4167 de
491 4113 682 4182 oppugnatione
701 4116 777 4165 castr.
792 4114 840 4166 del.
855 4113 1016 4167 *HJrllr'lller
1042 4120 1050 4182 l}
1078 4117 1110 4168 12
1129 4117 1223 4171 fecisse
1242 4136 1294 4171 ora.
1313 4126 1330 4186 β
1348 4119 1358 4191 ll

293 4207 325 4260 18
344 4204 461 4274 superari
482 4221 511 4268 o3
540 4218 569 4254 se
592 4209 753 4268 supararepl
793 4205 801 4272 ll
844 4203 875 4255 21
901 4203 999 4256 alterae
1024 4223 1041 4254 a
1082 4207 1090 4268 ll
1132 4206 1166 4258 24
1189 4223 1236 4274 pro
1260 4209 1357 4276 pietate

293 4295 412 4362 substa
431 4292 589 4361 proprietate
605 4288 787 4353 ABMQraau
818 4292 825 4358 ll
859 4293 893 4346 30
911 4295 957 4344 aut
975 4294 1007 4345 ad
1027 4292 1172 4348 ciceronem
1189 4316 1218 4364 o3
1238 4302 1356 4352 autom.

288 4393 305 4452 β
337 4391 345 4452 ll
378 4382 622 4446 attonsurae
