3218 4812
449 392 557 446 LIBER
575 391 637 446 IIII.
658 391 733 445 CAP.
754 392 861 460 34-7V.
882 392 957 447 OAP.
978 395 1001 446 1.
1217 379 1256 441 97

192 557 313 621 auxilio
346 556 441 618 misit.
464 608 468 620 .
492 556 620 619 interim
653 556 752 618 nostri
783 556 900 619 milites
932 557 1086 638 impetum
1119 556 1287 622 hostiuma

153 688 179 730 10
193 665 414 728 sustinuerunt
438 668 531 744 atque
556 662 693 745 amplius
715 663 802 726 horis
825 662 891 725 ΗΠ
910 661 1080 726 fortissime
1096 683 1259 746 pugnare·

192 775 269 834 runt
291 775 323 833 et
344 771 454 853 paucis
478 768 666 832 vulneribus
690 770 827 852 acceptis
850 769 1029 852 complures
1054 789 1096 832 ex
1112 771 1160 833 his
1178 771 1260 833 occi·

193 879 317 942 derunt.
358 873 468 959 postea
492 895 566 939 vero
584 859 680 957 quarn
696 877 856 957 equitatus
873 881 980 940 noster
1002 878 1036 939 in
1052 883 1287 959 conspectumr

193 986 293 1065 venit,
325 985 431 1047 hostes
464 983 595 1045 abiectis
623 983 719 1046 armis
752 988 839 1065 terga
866 988 1031 1047 verterunt
1058 1003 1259 1066 magnusque

167 1111 305 1156 reorum
327 1109 481 1153 numerus
506 1094 554 1153 est
577 1091 708 1154 occisus.
756 1089 872 1153 Caesar
891 1096 1015 1172 postero
1033 1090 1083 1154 die
1099 1092 1130 1153 T.
1147 1089 1260 1154 Labie·
1277 1107 1315 1164 38

194 1218 271 1261 num
295 1197 435 1280 legatum
465 1216 539 1260 cum
561 1198 601 1260 iis
623 1196 817 1280 legionibus,
846 1217 924 1278 quas
952 1217 994 1260 ex
1017 1197 1184 1261 Britannia
1211 1219 1260 1262 re-

195 1306 344 1386 duxerat,
367 1306 401 1366 in
417 1304 573 1386 Morinos,
598 1305 653 1385 qui
669 1303 878 1368 rebellionem
892 1305 1047 1386 fecerant,
1069 1306 1163 1368 misit.
1203 1305 1288 1386 quia

195 1431 268 1476 cum
296 1416 424 1494 propter
457 1412 614 1474 siccitates
647 1411 799 1494 paludum
833 1429 896 1494 quo
925 1430 959 1475 se
986 1411 1165 1495 reciperent
1196 1432 1261 1474 uon

167 1517 359 1600 elaborent,
384 1537 447 1598 quo
471 1517 616 1601 perfugio
641 1519 802 1601 superiore
831 1537 914 1580 anno
943 1523 1032 1582 erant
1059 1519 1122 1602 usi,
1152 1539 1261 1584 omues

194 1627 260 1690 fere
288 1628 322 1688 in
349 1629 537 1708 potestatem
567 1623 700 1689 Labieni
729 1631 893 1688 venerunt.
945 1631 978 1688 at
1005 1623 1040 1700 Q.
1063 1625 1202 1689 Titurius
1231 1632 1289 1692 eta

194 1733 228 1797 L.
253 1733 344 1796 Cotta
367 1732 476 1816 legati,
501 1734 615 1814 quiin
638 1731 859 1816 Menapiorum
886 1731 967 1796 fines
992 1732 1132 1816 legiones
1161 1733 1262 1797 duxe-

195 1846 279 1921 rant,
313 1839 462 1902 omnibus
494 1858 605 1902 eorum
634 1841 717 1923 agris
749 1841 892 1920 vastatis²
925 1839 1093 1904 frumentis
1121 1841 1262 1921 succisis,

197 1946 349 2011 aedificiis
371 1947 525 2027 incensis,
549 1945 633 2029 quod
658 1945 799 2029 Menapii
821 1966 855 2010 se
880 1965 989 2010 omnes
1004 1948 1040 2009 iu
1059 1946 1262 2010 densissimas

156 2073 183 2116 10
197 2055 292 2118 silvas
316 2053 516 2135 abdiderant,
540 2072 574 2116 se
598 2053 638 2115 ad
662 2051 829 2116 Caesarem
847 2057 1044 2136 receperunt.
1091 2053 1205 2118 Caesar
1228 2055 1290 2119 ina

197 2161 305 2244 Belgis
338 2162 481 2223 omnium
513 2160 676 2244 legionum
711 2159 844 2223 hiberna
882 2161 1053 2223 constituit.
1109 2179 1146 2224 eo
1180 2161 1262 2224 duae

159 2337 162 2343 ,
198 2270 327 2331 omnino
352 2269 495 2330 civitates
519 2287 560 2331 ex
583 2266 749 2330 Britannia
773 2265 899 2330 obsides
923 2268 1092 2349 miserunt,
1119 2269 1262 2350 reliquae

196 2375 417 2458 neglexerunt.
465 2374 512 2437 his
536 2373 632 2437 rebus
655 2375 752 2456 gostis
776 2392 817 2436 ex
840 2373 955 2436 litteris
972 2369 1114 2438 Caesaris
1138 2373 1292 2440 dierumu

198 2479 266 2546 XX
289 2481 476 2564 supplicatio
500 2502 519 2544 a
542 2486 655 2544 senatu
679 2481 806 2544 decreta
829 2485 884 2544 est.

517 2798 553 2864 O.
578 2799 697 2865 IULII
721 2797 944 2864 CAESARIS

480 2945 671 3018 BELLI
708 2943 979 3020 GALLIOI

587 3100 695 3156 mena
713 3101 878 3168 onrsrns.

172 3302 185 3343 1
289 3283 322 3347 L.
346 3284 501 3364 Domitio,
525 3284 585 3366 Ap.
602 3283 736 3346 Claudio
760 3283 947 3346 consulibus
963 3282 1130 3347 discedens
1154 3281 1193 3346 cb
1217 3283 1266 3345 hi·
1285 3297 1301 3349 1

199 3390 309 3455 bernis
334 3390 450 3455 Caesar
476 3392 511 3452 iu
534 3389 673 3471 italiam,
700 3394 738 3453 ut
761 3391 933 3472 quotannis
959 3389 1063 3454 facere
1091 3395 1267 3471 consuerat,

200 3497 312 3580 legatis
344 3497 490 3580 imperat,
524 3516 604 3580 quos
636 3496 820 3580 legionibus
852 3495 1057 3579 praefecerat,
1089 3497 1138 3560 uti
1171 3515 1269 3578 quam

290 3691 307 3744 9
326 3689 398 3744 misit
415 3690 549 3757 auxiliop
580 3695 589 3758 l
622 3691 653 3743 11
673 3689 706 3743 iis
725 3689 795 3757 ΗΜς
814 3690 838 3744 is
856 3689 894 3742 B·

289 3780 336 3836 38.
356 3781 373 3834 2
391 3780 424 3833 iis
443 3797 476 3851 qq
495 3779 537 3833 his
551 3798 584 3849 χ;
603 3787 692 3846 onafl
723 3780 732 3848 tl
764 3778 895 3845 3Quiu3
911 3779 977 3856 Ι11111
1002 3780 1010 3849 lt
1036 3778 1242 3847 lsiccitetcnrss
1260 3779 1269 3852 tl

201 3871 218 3924 5
237 3869 357 3938 perfugio
376 3869 511 3938 superiore
530 3884 598 3924 anno
617 3872 694 3923 erant
711 3869 754 3921 usi
771 3875 800 3936 β;
820 3868 955 3936 superiore
972 3885 1040 3922 anno
1057 3869 1209 3946 perfuerunt
1226 3870 1268 3924 usi

202 3977 220 4010 a
252 3959 261 4026 l}
293 3959 317 4012 5.
338 3959 354 4013 6
373 3973 466 4013 omnes
484 3959 539 4012 fere
558 3965 647 4026 unat
677 3959 686 4027 11
718 3958 888 4032 euenerunt
902 3964 930 4025 βς
949 3949 1131 4028 peruenerunt
1143 3977 1161 4010 u
1193 3963 1202 4031 [ι
1234 3962 1269 4013 At

202 4065 226 4116 q.
246 4047 277 4114 123
296 4047 383 4117 Atque
397 4047 471 4117 28a3
490 4050 518 4102 at
536 4049 587 4117 que
605 4046 676 4100 ΒΜι
708 4049 717 4117 [1
748 4047 997 4115 saedifieiisquep
1029 4048 1037 4116 lt
1071 4048 1105 4103 10
1123 4049 1157 4102 ad
1176 4065 1268 4103 caesa-

202 4152 258 4190 rani
278 4143 342 4203 sep

274 4225 320 4281 'l.
341 4227 355 4278 1
374 4225 456 4281 Lucio
473 4233 502 4293 [33
520 4243 573 4280 om.
594 4245 611 4278 α
643 4227 651 4295 tl
683 4230 724 4296 ap.
739 4244 769 4293 u;
788 4225 864 4294 appio
881 4215 908 4292 β’
929 4225 937 4294 ss
975 4225 1145 4282 2ccnsuerat
1168 4225 1273 4295 aa²lr¹¹f

202 4317 377 4369 consueuerat
397 4315 429 4384 83
448 4315 599 4370 instituerat
617 4315 664 4386 ρειι

247 4419 328 4464 caesar
340 4421 358 4464 1.
373 4421 407 4466 ed.
422 4421 513 4465 tlcusol.
1094 4424 1109 4476 7
