3214 4812
1259 421 1303 481 m
1423 379 1426 386 ,

251 588 336 644 etiam
346 587 377 640 X
381 590 405 653 ;“
420 587 523 657 (3‚1,t)
534 586 646 651 ,boeed
655 604 714 656 pr.;
724 587 828 642 hoca.“
856 585 887 642 Si
898 601 995 642 omnes
1003 585 1067 641 libri
1075 591 1104 642 et
1112 601 1199 641 manu
1207 585 1303 657 eorlpti

253 678 282 728 et
299 671 376 744 typis
393 671 515 742 expressi
531 671 718 740 consentiunt,
734 671 907 726 oonieoturae
924 670 1070 726 hominnm
1087 670 1233 726 doctorum
1244 670 1302 742 ple-

253 773 371 828 rumque
388 757 429 812 ite
445 755 547 822 adfero,
564 761 599 810 ut
615 772 648 811 ea
664 756 763 826 uerba,
787 756 817 810 in
834 756 936 826 quibua
953 755 1100 811 diocedunt
1117 755 1153 810 ab
1170 755 1301 810 omnibus

252 841 345 909 libris,
371 839 504 896 litteris
530 840 648 896 latiur
670 840 858 912 dispositio
880 839 999 895 indioem
1016 845 1100 910 atque
1116 839 1302 910 distinguam

253 926 290 983 ef.
306 926 411 994 2,41‚8
429 925 558 993 ,tortuna
575 942 684 981 seruare
701 925 878 980 uoluisset
903 923 1090 979 Gornelmaeffl
1112 925 1188 994 (libri
1205 940 1303 979 omnes

252 1009 368 1065 habent:
387 1010 500 1065 fortuna
511 1025 621 1066 seruare
632 1011 787 1082 potuisset).
800 1041 834 1052 -
845 1009 990 1064 Praeterea
1000 1009 1160 1076 defendendi
1169 1012 1198 1064 et
1209 1008 1306 1062 tuendi

254 1093 340 1150 uerbo
357 1095 401 1148 ita
416 1111 524 1166 semper
541 1112 609 1150 uene
626 1112 699 1163 aum,
716 1100 750 1149 ut
767 1095 803 1149 ad
821 1093 948 1150 oodioum
966 1109 1046 1148 meur.
1062 1095 1149 1150 uerba
1155 1094 1303 1164 pertineat,

253 1178 333 1233 uelut
358 1179 465 1247 illut
489 1179 632 1251 „eoquod
649 1184 787 1235 meruerat
803 1179 851 1234 del
875 1177 976 1248 Apitx,
999 1177 1097 1245 Va‘elb.;
1123 1177 1226 1244 defend.
1244 1177 1303 1246 Da,

253 1263 405 1317 AHmw‘
431 1264 506 1319 idern
532 1270 574 1319 eet
600 1266 675 1335 quod
701 1265 805 1333 „uerba
829 1280 867 1319 eo
888 1262 979 1334 quod
996 1267 1170 1318 meruerat
1186 1261 1305 1318 delenda

254 1353 368 1404 oeneent
384 1350 471 1420 Apitz
489 1354 517 1405 et
533 1349 698 1418 Vrelbaber,
725 1349 821 1404 eodem
848 1347 935 1403 uerba
958 1363 976 1402 a
993 1349 1108 1403 Caesam
1125 1339 1228 1418 scripta
1244 1363 1304 1402 eeee

253 1431 443 1490 demonstrare
469 1439 606 1490 conantur
622 1435 723 1489 Dinter
748 1438 777 1489 ot
798 1433 962 1488 AHorner.“
998 1433 1103 1489 Contra
1121 1431 1260 1501 probandi
1275 1437 1304 1487 et

253 1515 433 1586 aeprehendi
448 1520 535 1575 uerba
550 1537 658 1591 semper
675 1518 814 1590 portinent
836 1518 872 1574 ad
890 1519 1074 1586 oonieoturne,
1100 1517 1180 1572 uelut
1196 1517 1242 1572 VI
1252 1519 1303 1585 l,6

253 1602 346 1657 uerbis
365 1603 411 1670 „in
428 1605 542 1660 oonsilio
558 1605 607 1660 del.
629 1605 716 1668 Paral3
738 1604 817 1672 prob.
844 1603 972 1658 RSobrr.“
998 1602 1121 1658 indicaui
1146 1601 1303 1656 Rudoll'um

157 1755 160 1760 ,
256 1686 456 1744 Schneiderum
473 1690 589 1760 probare
606 1689 741 1746 Guilelmi
758 1687 1050 1756 Paul-nomentum,
1077 1687 1126 1757 qui
1152 1687 1238 1742 uerba
1254 1687 1305 1743 illa

255 1770 372 1827 delenda
388 1778 488 1830 censet
513 1774 639 1844 (Probnri
649 1777 744 1831 autem
754 1773 942 1830 oonieotnrum
953 1771 989 1826 ab
1000 1772 1062 1826 aliie
1078 1787 1161 1843 saepo
1176 1772 1305 1827 oonsulto

254 1871 311 1912 non
337 1859 570 1929 commemoraui.)
587 1891 621 1898 —
638 1859 719 1916 Haeo
735 1859 791 1914 iere
817 1863 892 1927 sunt,
914 1874 987 1929 quae
1002 1857 1184 1928 explicatione
1208 1856 1304 1912 uiden·

254 1945 301 1995 tur
317 1957 403 2012 egere.

323 2026 475 2098 Reliquum
492 2034 548 2098 eet,
566 2035 599 2085 ut
615 2031 718 2086 addam
734 2029 827 2100 ipsum
845 2045 890 2084 me
907 2044 967 2096 eoa,
990 2043 1059 2098 quar
1076 2028 1305 2096 commemoraui,

253 2110 424 2192 oonieeturae
439 2129 475 2168 ox
488 2114 666 2184 editionibus,
689 2113 837 2169 annalibus
854 2113 970 2185 aliisque
982 2112 1060 2169 libris
1082 2112 1219 2168 libellieue
1234 2113 1305 2170 hau·

254 2195 336 2265 eirea,
358 2197 476 2252 aliomm
493 2200 585 2256 uerbis
602 2218 648 2256 me
664 2200 747 2255 fidem
764 2215 822 2254 non
838 2199 978 2254 habuisse.
1016 2197 1048 2255 Si
1064 2213 1121 2268 qua
1135 2197 1304 2253 oonieotura-

254 2296 330 2348 mm,
357 2299 426 2352 quae
445 2285 504 2354 ipee
520 2300 577 2340 non
594 2286 770 2353 inuenerem,
797 2286 833 2341 ab
860 2285 923 2340 nliir
944 2283 1019 2339 iacta
1035 2288 1095 2338 erat
1111 2284 1231 2351 mentio,
1256 2299 1305 2340 eoa

254 2365 348 2435 libror,
374 2368 404 2421 in
430 2369 532 2439 quibus
558 2371 667 2442 prolata
692 2371 835 2426 dicebatur
860 2370 911 2426 illa
927 2368 1093 2438 oonleetura,
1118 2368 1178 2439 ipse
1194 2368 1304 2436 euolui;

255 2450 279 2504 ei
291 2450 410 2507 aliorum
422 2454 508 2509 uerba
525 2454 721 2526 discrepabant
736 2457 827 2524 abiis,
844 2471 915 2532 quae
926 2469 977 2526 ego
988 2453 1194 2524 exeedpeeram,
1212 2453 1305 2530 denuo

252 2537 311 2590 eiuo
334 2537 410 2592 modi
426 2539 501 2594 loooe
518 2540 626 2611 inspexi
647 2546 698 2596 aut
719 2548 836 2597 eonatue
863 2557 927 2596 aum
952 2544 1029 2610 (nam
1046 2539 1147 2609 uiginti
1163 2539 1219 2594 fere
1235 2539 1305 2596 loeis

252 2636 308 2675 non
326 2621 418 2691 licuit)
436 2625 578 2695 inspicere.
614 2626 679 2694 Qua
704 2626 734 2682 in
760 2643 789 2682 re
814 2643 880 2682 oum
906 2641 995 2680 unum
1012 2639 1123 2692 meum,
1149 2625 1303 2696 permultos

254 2705 371 2762 edorum
388 2708 615 2779 deprehenderim
632 2727 745 2780 errores,
771 2727 881 2782 operare
905 2710 971 2766 lieet
995 2724 1052 2764 non
1075 2709 1228 2764 admodum
1245 2726 1304 2765 ma·

252 2808 341 2862 gnum
357 2791 416 2848 fore
433 2810 529 2849 eorum
545 2794 670 2850 locorum
688 2812 847 2862 numerum,
875 2810 930 2866 quo
947 2794 1103 2849 errauerim.
1137 2793 1235 2849 Nihilo
1252 2794 1304 2850 mi-

254 2893 308 2932 nue
325 2894 384 2933 non
400 2879 480 2934 nulla
497 2897 515 2934 a
531 2896 576 2935 me
592 2882 796 2952 praetermissa,
811 2897 869 2936 non
880 2881 961 2935 nulla
977 2895 1035 2934 non
1051 2883 1125 2934 reete
1142 2879 1228 2934 allata
1244 2895 1305 2936 eaeo

166 3026 169 3033 ¹
251 2962 312 3017 ueri
329 2964 420 3019 simile
436 2969 492 3032 eet3
519 2965 554 3020 de
582 2966 685 3036 quibua
707 2967 756 3038 qui
772 2982 818 3022 me
834 2964 1011 3040 admonuerit
1027 2963 1217 3035 gradaeimnm
1233 2965 1303 3020 mihi

251 3045 407 3187 feoenxtlaende
424 3133 536 3204 singula
552 3135 679 3205 petierim
695 3140 724 3191 et
741 3135 842 3206 quibua
860 3135 934 3191 notia
951 3151 1020 3190 usus
1038 3134 1101 3202 eim,
1117 3149 1152 3189 ex
1169 3150 1202 3189 eo
1219 3139 1303 3205 quem

148 3237 151 3244 ·
252 3216 357 3272 subieci
373 3217 465 3274 indiee
481 3225 669 3291 eognoeoetur.

252 3301 403 3357 Aelroa’mre
421 3325 453 3353 =
471 3304 556 3359 Oalue
573 3305 668 3361 Julius
685 3306 787 3361 anaar
808 3307 845 3361 ad
868 3306 977 3363 eodioeo
994 3305 1135 3361 Paririnoe
1152 3306 1303 3362 reeenaltue

321 3402 386 3441 oum
404 3427 411 3440 .
429 3428 436 3439 .
454 3428 460 3440 .
477 3389 648 3445 eruditorum
676 3390 766 3458 notia,
794 3391 897 3462 quibus
927 3409 992 3447 ruas
1021 3391 1182 3446 adleoerunt
1206 3391 1243 3445 N.
1269 3390 1302 3445 L.

321 3471 472 3528 A'ohnintre
497 3479 526 3529 et·
550 3475 588 3530 N.
614 3474 648 3530 E.
675 3475 808 3532 Lemaire
836 3477 901 3532 Vol·
927 3475 952 3532 1.
979 3477 1018 3532 11.
1054 3476 1140 3531 Paria
1176 3477 1251 3532 1819.
1269 3477 1306 3532 20

321 3558 393 3627 (raro
410 3559 540 3630 inspexi),

249 3635 440 3732 Ἀθήναιον,
463 3641 653 3732 σύγγραμμα
674 3645 872 3735 περιοδικόν.
903 3640 1085 3738 Ἀθήνησιν
1102 3663 1303 3732 (wll-usta.

253 3743 402 3799 Aieordro.
438 3746 519 3814 Quae
535 3745 711 3814 adfernntm,
738 3764 771 3803 ea
786 3748 889 3804 hausta
905 3752 972 3804 eunt
988 3765 1024 3804 ex
1041 3748 1232 3820 Oudendorpli
1248 3747 1304 3804 edi-

318 3829 401 3885 tione
419 3831 462 3886 Gf.
481 3830 554 3886 Oud
572 3831 684 3902 praefat
702 3833 749 3889 fol.
769 3835 819 3890 ”3
837 3850 908 3890 nere.

251 3913 327 3969 Arba
348 3935 379 3964 =
397 3916 556 3983 Aimolnue‚
572 3916 618 3972 De
633 3918 718 3987 gestie
735 3917 916 3987 Francorum,
933 3919 1049 3990 praefat
1067 3917 1303 3989 (Oommemoraui

320 4016 410 4070 pauca
426 4017 462 4055 ex
478 4002 522 4070 lie,
539 4018 611 4072 quae
627 4001 664 4057 ab
682 4002 755 4060 Oud.
773 4008 802 4058 et
818 4005 904 4076 Nipp.
921 4003 1119 4075 proferuntur.)

252 4083 313 4138 Ald.
333 4104 365 4134 =
384 4085 509 4141 anoarle
526 4093 705 4144 oommentar.
722 4089 848 4145 Venetiie
865 4090 896 4143 ln
913 4089 1028 4145 aedibus
1039 4089 1115 4158 Aldi,
1132 4093 1160 4144 et
1174 4087 1304 4144 Andreae

319 4171 405 4226 uoueri
422 4172 489 4228 1513
506 4187 601 4228 mense
616 4172 715 4244 Aprili.
