3126 4968
560 539 668 595 LIBER
686 539 730 595 11:
742 538 818 595 oAP.
838 539 960 594 24-27.
1253 525 1294 587 53

227 704 309 768 ferre
333 707 365 768 et
387 704 567 788 manipulos
583 704 703 768 ‘laxare
731 703 839 785 iussit,
868 722 931 787 quo
959 703 1084 767 facilius
1111 702 1225 787 gladiis
1247 703 1296 766 uti

227 816 364 894 possent.
389 812 480 875 cuius
504 811 643 876 adventu
661 829 716 894 spe
739 811 839 874 inlata
854 810 1011 874 militibus
1028 830 1064 874 ac
1079 811 1322 894 redintegratos

186 941 213 985 oo
227 918 343 1000 animo,
367 936 440 980 cum
462 936 519 1002 pro
534 937 568 982 se
586 919 722 1000 quisque
744 917 779 980 in
795 921 968 1000 conspectu
983 917 1184 1001 imperatoris
1200 919 1295 980 etiam

226 1023 261 1086 in
289 1023 441 1088 extremis
469 1025 537 1087 suis
556 1023 661 1088 'rebus
689 1043 817 1108 operam
843 1043 962 1087 novare
990 1029 1131 1107 cuperet,
1163 1023 1294 1107 paulum

199 1131 366 1198 rhostium
393 1131 532 1214 impetus
559 1131 702 1194 tardatus
731 1136 786 1194 est
837 1128 964 1212 Caesar,
992 1149 1065 1194 cum
1093 1129 1165 1194 VH.
1197 1127 1295 1214 legio-
1312 1145 1349 1200 26

225 1255 314 1321 nem,
343 1256 425 1321 quae
448 1237 540 1301 iuxta
562 1237 760 1319 constiterat,
787 1238 865 1300 item
887 1238 995 1321 urgeri
1022 1236 1061 1300 ab
1084 1238 1174 1300 hoste
1196 1235 1294 1301 vidis·

226 1349 289 1427 set,
317 1345 463 1408 tribunos
484 1339 623 1408 militum
650 1345 788 1426 monuit,
816 1350 852 1408 ut
878 1345 1031 1428 paulatim
1059 1362 1127 1408 sese
1153 1342 1294 1427 legiones

161 1449 165 1456 '
225 1447 457 1534 coniungerent
484 1457 516 1516 et
539 1449 694 1515 conversa
716 1452 808 1534 signe
835 1451 871 1514 in
893 1451 999 1514 hostes
1022 1451 1182 1514 inferrent
1230 1469 1322 1532 quoa

198 1557 306 1624 ciacto
331 1577 405 1621 oum
429 1557 499 1622 aliis
523 1557 579 1620 elii
598 1557 777 1621 subsidium
798 1558 918 1622 ferrent
940 1553 1045 1640 neque
1069 1557 1230 1638 timerent,
1253 1575 1294 1620 ne

226 1667 330 1729 aversi
358 1665 397 1728 ab
425 1666 515 1729 hoste
548 1665 868 1747 circumvenirentur,
900 1661 1054 1728 audacius
1081 1665 1230 1728 resistere
1258 1683 1294 1726 ao

224 1772 337 1836 fortius
359 1791 504 1856 pugnare
526 1776 707 1855 coeperunt
745 1773 873 1835 interim
889 1767 1007 1836 milites
1029 1771 1193 1854 legionum
1217 1769 1321 1835 duae

225 1899 311 1961 rum,
344 1899 425 1962 quae
457 1875 691 1942 innovissimo
724 1879 851 1962 agmine
874 1878 1032 1962 praesidio
1060 1877 1294 1960 impedimentis

224 1986 363 2070 fuerant,
385 1987 506 2070 proelio
529 1987 676 2050 nuntiato
693 2005 789 2049 cursu
811 1985 942 2049 incitato
958 1985 993 2048 iu
1008 2003 1133 2048 summo
1158 1984 1238 2048 colle
1254 1983 1293 2046 ab

186 2113 212 2156 ro
225 2092 371 2158 hostibus
398 2092 689 2177 conspiciebantur,
718 2094 750 2156 et
775 2093 807 2156 Τ.
830 2090 990 2156 Labienus
1018 2093 1128 2155 castris
1155 2092 1321 2156 hostiumr

224 2201 344 2285 potitus
372 2205 404 2264 et
427 2219 469 2264 ex
500 2200 571 2264 loco
603 2201 764 2283 superiore
797 2218 878 2282 quae
909 2219 960 2263 res
988 2201 1022 2262 in
1045 2199 1162 2262 nostris
1185 2200 1294 2262 castris

225 2313 413 2390 gererentur
440 2307 644 2390 conspicatus
670 2307 712 2370 X.
741 2303 901 2390 legionem
928 2305 1071 2370 subsidio
1094 2305 1212 2370 nostris
1235 2307 1293 2368 mi-

226 2416 275 2478 sit.
323 2415 477 2496 quicum
506 2409 548 2478 ex
575 2415 720 2495 equitum
749 2420 781 2478 et
803 2413 953 2478 calonum
979 2413 1055 2498 fuga
1079 2414 1200 2495 quoin
1222 2412 1320 2477 locos

224 2540 276 2585 res
300 2525 383 2585 esset
406 2526 591 2602 quantoque
624 2521 658 2583 in
680 2517 822 2604 periculo
855 2526 887 2584 et
914 2525 1017 2584 castra
1043 2528 1075 2584 et
1096 2520 1239 2603 legiones
1263 2523 1294 2582 et

185 2647 211 2689 15
225 2629 396 2711 imperator
426 2632 607 2692 versaretur
639 2627 877 2711 cognovissent,
913 2626 994 2690 nihil
1029 2627 1069 2690 ad
1101 2627 1293 2690 celeritatem

200 2733 286 2798 rsibi
309 2734 427 2816 reliqui
448 2735 601 2798 iecerunt.
646 2734 773 2798 Horum
798 2735 938 2798 adventu
961 2739 1049 2797 tanta
1076 2753 1185 2798 rerum
1209 2753 1293 2797 com·
1311 2745 1346 2802 2⁷

225 2842 357 2905 mutatio
387 2845 438 2904 est
460 2842 557 2922 iacta,
590 2846 627 2903 ut
652 2842 765 2924 nostri,
789 2835 894 2904 'etiam
924 2843 980 2923 qui
1006 2841 1195 2906 vulneribus
1219 2859 1293 2904 con-

224 2947 300 3011 iecti
321 2947 579 3031 procubuissent,
603 2949 702 3012 scutis
725 2949 831 3011 innixi
853 2949 1010 3032 proelium
1032 2948 1293 3032 redintegrarent,

224 3055 353 3118 calones
384 3056 567 3138 perterritos
600 3055 706 3119 hostes
739 3057 912 3139 conspicati
945 3056 1042 3119 etiam
1073 3057 1212 3119 inermes
1244 3075 1293 3118 ar·

198 3179 211 3222 1
224 3162 318 3224 matis
335 3167 550 3242 occurrerent,
567 3163 691 3244 equites
705 3181 794 3242 vero,
819 3167 855 3225 ut
870 3160 1103 3245 turpitudinem
1117 3162 1212 3244 fugae
1227 3162 1319 3225 vir-d

225 3273 292 3332 tute
317 3267 472 3349 delerent,
502 3269 650 3333 omnibus
677 3270 711 3332 in
738 3269 817 3332 loeis
845 3268 1017 3352 pugnando
1047 3287 1081 3332 se
1108 3268 1292 3351 legionariis

224 3375 381 3438 militibus
412 3374 616 3458 praeferrent
664 3379 696 3438 at
727 3375 834 3439 hostes
867 3376 961 3439 etiam
993 3375 1029 3438 in
1062 3379 1206 3439 extrema
1238 3393 1319 3458 spes

225 3481 336 3545 salutis
364 3486 486 3546 tantam
508 3484 659 3546 virtutem
681 3483 920 3566 praestiterunt,
948 3486 997 3560 ut,
1025 3501 1098 3545 cum
1120 3481 1217 3565 primi
1240 3501 1292 3546 eo-

224 3608 295 3652 rum
320 3588 522 3671 cecidissent,
550 3590 690 3674 proximi
716 3590 894 3653 iacentibus
920 3590 1105 3653 insisterent
1131 3593 1226 3669 atque
1250 3607 1292 3652 ex

184 3714 336 3759 meorum
363 3695 550 3784 corporibus
576 3701 769 3780 pugnarent,
801 3697 851 3760 his
879 3695 1010 3783 deiectis
1038 3700 1070 3758 et
1098 3695 1319 3759 coacervatisr

225 3879 228 3884 ’
314 3889 348 3943 19
367 3889 450 3944 Cuius
470 3889 510 3956 αἱς
529 3889 653 3957 Ηι11111·β
684 3893 693 3958 ΙΙ
726 3887 915 3944 2111101111
947 3890 956 3960 ss
980 3890 1154 3958 superante
1185 3889 1194 3958 {l
1226 3905 1291 3956 pau—

223 3977 310 4032 lulum
329 3996 354 4029 ro

227 4101 230 4108 ι
312 4061 358 4122 26.
378 4067 394 4120 5
413 4065 472 4119 aliis
489 4073 518 4133 βς
539 4065 612 4120 ¹alius
631 4087 649 4119 a
680 4068 689 4136 [Ι
721 4067 803 4122 ferret
821 4087 839 4119 α
871 4068 879 4137 lt
912 4066 1034 4122 dauersi
1054 4065 1096 4134 cf,
1120 4067 1261 4133 aduersifl
1283 4065 1291 4138 ll

224 4155 360 4209 9incitati
378 4154 471 4208 Hotm.
512 4155 521 4223 ll
564 4155 598 4210 10
616 4155 643 4210 Τ.
663 4173 751 4227 outo
783 4159 792 4228 ll
834 4158 865 4210 11
891 4157 989 4211 nostris
1012 4149 1106 4210 'castris
1126 4149 1169 4224 ἀἡ
1198 4156 1291 4210 eastris

223 4243 356 4311 uostrisfl

241 4363 243 4368 .
311 4332 501 4388 27.4calones
513 4340 545 4402 μς
557 4337 615 4388 turn
628 4333 733 4388 calones
751 4355 768 4386 α
792 4336 801 4404 ll
824 4338 840 4389 5
854 4338 1026 4390 occurrerunt
1039 4354 1057 4386 o
1083 4339 1091 4404 lt
1117 4335 1134 4389 6
1151 4335 1290 4404 pugnando

229 4421 434 4491 Wer'osenborrr3
453 4426 572 4492 pugnant
590 4439 642 4492 qrro
662 4441 692 4492 ας
711 4440 813 4493 pugnae
826 4431 855 4493 fl,
874 4424 924 4478 del.
943 4423 1042 4502 Nc'pp.¹
1063 4424 1071 4492 l!
1104 4424 1291 4478 9cecidissent

222 4518 311 4578 emp
787 4519 788 4522 ’
