3218 4812
295 359 356 420 126
693 371 798 426 BELLI
822 372 963 426 GALLICI

238 545 272 598 47
292 554 333 598 ex
361 537 515 618 proximis
544 535 684 599 hibernis
712 537 803 620 cogit.
850 535 939 599 Hora
967 536 1093 599 circiter
1119 535 1176 598 ΠΙ.
1205 535 1243 599 ab
1273 540 1389 600 ante-1

292 642 475 706 cursoribus
499 643 538 706 de
562 641 667 706 Crassi
691 642 829 706 adventu
858 644 974 706 certior
1000 642 1102 706 factus
1130 661 1167 706 eo
1195 642 1246 704 die
1273 643 1362 705 milia

264 768 443 832 apassuum
471 747 539 812 XX
566 749 775 832 progreditur.
827 748 975 813 Crassum
1005 747 1244 812 Samarobrivae
1270 768 1360 832 prae-

291 854 358 920 ficit
380 856 603 939 legionemque
627 858 657 920 ei
676 856 831 938 attribuit,
855 857 941 939 quod
960 856 1005 919 ibi
1023 856 1250 940 impedimenta
1269 875 1360 920 exer-

291 963 384 1046 citus,
418 961 544 1026 obsides
572 965 750 1046 civitatum,
780 963 902 1028 litteras
928 963 1073 1046 publicas
1100 964 1391 1044 frumentumquee

291 1089 399 1152 omne,
423 1069 509 1152 quod
533 1089 569 1133 eo
595 1069 777 1133 tolerandae
800 1070 913 1133 hiemis
937 1088 1033 1133 causa
1056 1070 1239 1150 devexerat,
1263 1069 1360 1133 relin-

262 1177 416 1260 aquebat.
471 1175 601 1258 Fabius,
639 1181 675 1239 ut
706 1178 897 1260 imperatum
930 1183 1010 1260 erat,
1047 1195 1112 1239 non
1146 1177 1190 1238 ita
1222 1176 1358 1238 multum

262 1289 432 1350 amoratus
450 1285 484 1346 in
505 1285 619 1347 itinere
639 1303 712 1346 cum
732 1283 856 1367 legione
877 1284 1022 1348 occurrit
1049 1283 1208 1347 Labienus
1227 1284 1360 1347 interitu

291 1389 400 1454 Sabim
426 1398 458 1454 et
480 1391 576 1454 caede
601 1390 779 1454 cohortium
807 1392 947 1474 cognita,
976 1411 1051 1454 oum
1079 1410 1189 1454 omnes
1217 1390 1258 1452 ad
1285 1409 1360 1453 eum

289 1498 500 1562 Treverorum
524 1498 633 1580 copiae
654 1498 831 1579 venissent,
856 1498 991 1580 veritus,
1019 1517 1074 1580 ne,
1098 1499 1125 1561 si
1149 1517 1190 1561 ex
1218 1497 1359 1561 hibernis
1374 1518 1404 1560 io

289 1605 383 1688 fugae
419 1605 556 1668 similem
590 1604 817 1687 profectionem
854 1604 991 1688 fecisset,
1028 1605 1168 1668 hostium
1204 1605 1359 1687 impetum

290 1713 448 1776 sustinere
481 1731 547 1774 non
579 1716 697 1794 posset,
734 1712 920 1794 praesertim
958 1732 1038 1794 quos
1070 1712 1190 1775 recenti
1225 1712 1359 1774 victoria

263 1818 395 1884 sefferri
411 1819 518 1900 sciret,
542 1819 662 1882 litteras
680 1815 807 1881 Caesari
821 1819 966 1900 remittit,
990 1823 1111 1899 quanto
1127 1838 1201 1881 cum
1216 1817 1359 1900 periculo

291 1925 448 2008 legionem
473 1943 514 1987 ex
536 1924 679 1987 hibernis
695 1925 868 1988 educturus
884 1929 978 2004 essct3
1002 1943 1071 1988 rein
1087 1930 1207 2008 gestam
1222 1926 1257 1986 in
1272 1925 1359 1988 Ebu·

289 2030 423 2094 ronibus
445 2031 626 2114 perscribit,
651 2032 745 2095 docet
768 2051 878 2095 omnes
894 2032 1054 2114 equitatus
1069 2032 1291 2114 peditatusque
1307 2050 1403 2094 co·1e

290 2139 357 2220 pias
379 2137 587 2201 Treverorum
611 2138 661 2200 ΙΠ
683 2138 774 2201 milia
795 2157 948 2221 passuum
972 2139 1066 2221 longe
1094 2138 1133 2202 ab
1158 2139 1224 2201 suis
1248 2139 1359 2202 castris

236 2260 271 2314 48
291 2245 481 2308 consedisse.
533 2243 648 2308 Caesar
680 2245 813 2308 consilio
847 2246 917 2308 eius
945 2245 1090 2328 probato,
1124 2247 1183 2309 etsi
1208 2246 1385 2329 opinioner

291 2353 387 2414 trium
410 2351 573 2435 legionum
598 2352 739 2415 deiectus
763 2352 803 2415 ad
828 2353 906 2415 duas
929 2352 1097 2434 reciderat,
1125 2357 1232 2416 tamen
1255 2373 1358 2416 unum

262 2458 454 2522 acommuni
486 2458 582 2521 saluti
615 2458 772 2520 auxilium
808 2460 842 2522 in
875 2460 1035 2523 celeritate
1067 2460 1213 2543 ponebat.
1269 2461 1358 2523 venit

290 2567 413 2648 magnis
444 2565 614 2629 itineribus
647 2565 681 2627 in
713 2565 905 2629 Nerviorum
936 2565 1025 2630 fines.
1072 2567 1118 2630 ibi
1150 2585 1192 2629 ex
1224 2567 1357 2649 captivis

290 2673 463 2755 cognoscit,
493 2691 575 2753 quae
604 2672 688 2755 apud
716 2670 900 2736 Ciceronem
928 2679 1079 2756 gerantur
1107 2656 1291 2754 quantoque
1322 2674 1387 2735 ins

262 2780 430 2863 epericulo
455 2800 506 2844 res
529 2781 577 2842 sit.
624 2785 693 2842 tum
717 2780 842 2843 cuidam
868 2799 909 2843 ex
933 2780 1094 2862 equitibus
1111 2781 1210 2844 Gallis
1233 2781 1358 2863 magnis

288 2888 438 2968 praemiis
466 2887 647 2969 persuadet,
675 2888 723 2950 uti
751 2887 788 2949 ad
819 2885 1007 2950 Ciceronem
1035 2888 1201 2971 epistulam
1230 2887 1357 2951 deferat.

261 2993 370 3056 rhanc
403 2993 533 3056 Graecis
566 2995 778 3076 conscriptam
814 2994 926 3057 litteris
960 2994 1071 3075 mittit,
1108 3013 1148 3057 ne
1183 2995 1359 3077 intercepta

262 3125 274 3166 o
289 3099 424 3182 epistula
447 3106 556 3163 nostra
579 3101 617 3162 ab
634 3100 779 3163 hostibus
795 3102 928 3164 consilia
944 3107 1184 3185 cognoscantur.
1223 3102 1250 3163 si
1270 3101 1357 3164 adire

288 3225 355 3268 non
378 3207 490 3288 possit,
513 3213 633 3290 monet,
657 3212 694 3270 ut
717 3208 874 3290 tragulam
897 3195 970 3270 cum
986 3208 1123 3291 epistula
1138 3208 1177 3270 ad
1194 3214 1356 3272 amentum
1371 3225 1400 3266 io

261 3313 426 3396 edeligata
457 3314 541 3376 intra
572 3315 767 3377 munitiones
800 3319 977 3377 castrorum
1005 3315 1129 3378 abiciat.
1181 3316 1215 3376 in
1242 3315 1356 3378 litteris

380 3545 410 3595 11
432 3544 502 3613 cogit
518 3551 545 3611 rt
566 3543 666 3612 colligit
684 3563 701 3595 a

376 3653 422 3705 47.
443 3651 459 3703 2
478 3652 573 3704 certior
591 3654 633 3704 est
651 3652 744 3704 factus.
773 3652 847 3718 Εοβ
879 3653 887 3715 ll
920 3652 1160 3720 3progrediturfl3
1180 3652 1328 3720 procedito
1347 3651 1357 3722 i

228 3809 230 3818 γ
288 3739 312 3790 3.
332 3740 349 3790 4
368 3740 494 3806 praefecit
513 3740 565 3792 Mn
598 3743 606 3809 ll
638 3741 698 3793 dei
717 3758 769 3793 om.
791 3760 807 3791 a
840 3742 848 3810 1}
881 3741 1099 3811 bciuitatiump
1131 3743 1139 3810 ll
1171 3742 1329 3807 {latonae
1347 3739 1357 3811 11

289 3827 323 3881 10
335 3829 522 3895 trebirorump
553 3830 562 3897 ll
594 3829 811 3896 conuenissentss
843 3831 851 3898 ll
883 3846 929 3898 no,
949 3831 972 3882 si
988 3831 1068 3897 oud,
1087 3847 1121 3884 ne
1141 3849 1171 3896 a,
1190 3831 1248 3897 sipi
1280 3829 1288 3896 ll
1322 3833 1352 3882 11

288 3915 396 3969 fecisset
415 3918 443 3969 ut
463 3937 479 3968 a
513 3917 520 3984 ll
554 3919 587 3970 13
606 3919 715 3972 dimittit
734 3939 751 3970 rc
783 3920 791 3987 ll
825 3921 858 3973 15
878 3918 1011 3988 equitatus
1030 3920 1215 3988 peditatusque
1234 3919 1289 3986 Αβ;
1308 3936 1355 3987 pe-

288 4005 385 4058 ditatus
404 4005 586 4074 equitatusque
606 4007 656 4076 pQ
687 4009 695 4076 11
729 4009 762 4063 16
780 4025 796 4061 a
813 4016 830 4076 β

376 4113 422 4167 18.
442 4113 458 4166 2
477 4113 608 4166 reciderat
630 4114 741 4182 Plrryp.;
766 4115 880 4168 redierat
897 4115 927 4168 X
962 4116 970 4182 ll
1007 4116 1023 4168 3
1043 4116 1176 4169 communi
1199 4116 1279 4169 saluti
1301 4117 1356 4184 (sa-

286 4200 342 4254 lute
361 4204 406 4271 pa)
424 4209 453 4268 pl3
473 4203 619 4256 communis
639 4202 733 4256 salutis
753 4224 770 4254 α
802 4205 810 4272 lt
843 4205 1001 4272 isuadetss
1033 4207 1040 4274 ll
1074 4206 1108 4260 10
1126 4209 1290 4258 ammentum
1310 4226 1327 4256 a
1346 4204 1356 4276 ll

289 4292 319 4342 11
341 4291 514 4345 munitionem
535 4311 551 4342 u
