3218 4812
540 344 649 399 LIBER
666 346 713 399 VI.
734 343 809 400 cnP.
831 347 949 401 13-16.
1215 332 1282 394 143
1314 359 1315 362 ’

211 507 299 591 plina
330 513 526 593 permanent.
581 526 685 591 neque
712 507 760 572 fas
788 527 857 572 esso
886 509 1070 572 existimant
1101 528 1139 572 ea
1165 509 1281 572 litteris

213 615 377 698 mandare,
401 616 533 679 cumin
556 615 689 699 reliquis
711 614 776 679 fere
800 615 909 696 robus,
932 614 1069 698 publicis
1084 616 1280 698 privatisque

172 743 199 786 10
211 722 401 804 rationibus,
429 723 558 787 Graecis
586 723 700 786 litteris
728 709 867 786 utantur.
917 720 952 784 id
978 722 1058 784 mihi
1086 721 1211 786 duabus
1240 721 1279 786 de
1293 745 1314 786 a.

213 831 316 892 causis
338 831 516 893 instituisse
539 829 702 910 videntur,
732 828 816 909 quod
845 847 950 911 neque
977 829 1011 890 in
1039 829 1157 912 vulgus
1186 829 1281 892 disci-

212 935 331 1019 plinam
356 936 459 1000 efferri
482 935 583 1000 velint
603 955 710 1018 neque
734 955 803 1017 eos,
828 936 883 1018 qui
907 935 1044 1018 discunt,
1066 935 1181 1000 litteris
1204 955 1280 999 con-

210 1041 286 1105 fisos
308 1044 416 1106 minus
439 1045 611 1107 memoriae
628 1043 769 1122 studere3
795 1043 882 1127 quod
897 1042 963 1107 fere
979 1043 1140 1127 plerisque
1156 1043 1280 1124 accidit,

212 1155 248 1212 ut
269 1149 427 1232 praesidio
450 1150 626 1213 litterarum
651 1148 849 1233 diligentiam
871 1150 907 1212 in
926 1149 1134 1232 perdiscendo
1158 1167 1194 1211 ac
1214 1168 1281 1212 me·

171 1277 197 1320 15
212 1258 345 1320 moriam
368 1257 537 1320 remittant
578 1257 743 1340 inprimis
768 1257 827 1320 hoc
851 1256 963 1319 volunt
985 1256 1195 1338 persuadere,
1213 1275 1313 1319 nona

211 1364 342 1427 interire
367 1365 502 1446 animas,
526 1363 582 1427 sed
605 1363 644 1428 ab
662 1363 731 1426 aliis
747 1369 819 1446 post
833 1370 969 1426 mortem
984 1363 1118 1426 transire
1136 1362 1175 1424 ad
1191 1361 1280 1444 aliea,

212 1476 307 1553 atquo
330 1471 390 1534 hoc
405 1471 546 1534 maxime
563 1470 603 1533 ad
618 1472 769 1534 virtutem
785 1471 917 1534 excitari
936 1475 1050 1553 putant
1064 1474 1153 1533 metu
1168 1470 1281 1532 mortis

212 1577 364 1660 neglecto.
403 1578 504 1642 multa
527 1581 690 1660 praeterea
709 1575 748 1638 de
768 1575 926 1640 sideribus
942 1581 1037 1658 atque
1053 1595 1163 1640 eorum
1179 1580 1312 1654 motas

213 1682 252 1746 do
275 1683 389 1746 mundi
412 1703 449 1747 ac
472 1689 629 1748 terrarum
653 1682 887 1766 magnitudine,
912 1681 951 1746 de
967 1701 1073 1745 rerum
1089 1687 1217 1764 natura,
1240 1682 1280 1745 dc

171 1809 199 1851 ao
214 1790 345 1854 deorum
367 1790 597 1853 immortalium
624 1791 657 1852 vi
680 1810 716 1853 ac
740 1794 893 1872 potestate
922 1789 1084 1873 disputant
1111 1794 1143 1853 et
1168 1790 1281 1852 iuven-

213 1897 274 1959 tuti
298 1896 436 1959 tradunt.
1241 1911 1243 1916 ’

186 2024 197 2063 1
302 2003 449 2067 Alterum
473 2023 573 2086 genus
597 2009 645 2068 est
661 2005 813 2085 equitum.
852 2004 900 2084 hi,
924 2023 997 2066 cum
1014 2008 1061 2066 est
1084 2023 1161 2066 usus
1185 2008 1280 2084 atque
1298 2015 1343 2068 lb

213 2108 344 2192 aliquod
367 2109 487 2174 bellum
510 2111 684 2174 incidit-
702 2111 787 2193 quod
810 2110 876 2174 fere
901 2115 973 2174 ante
998 2108 1139 2173 Caesaris
1164 2109 1280 2172 adven·
1371 2191 1374 2198 Ι

214 2222 281 2280 tum
306 2219 477 2299 quotannis
501 2217 644 2280 accidere
661 2217 796 2300 solebat,
822 2218 867 2279 uti
888 2222 943 2280 aut
957 2217 1019 2300 ipsi
1034 2217 1169 2279 iniurias
1184 2216 1280 2281 infer-

213 2329 285 2386 ront
307 2329 364 2386 aut
378 2323 492 2386 inlatas
508 2312 731 2420 propqlsprent
746 2361 803 2404 -,
827 2343 938 2388 omncs
953 2325 987 2385 in
1003 2323 1086 2386 bello
1103 2327 1280 2403 versantur,

186 2433 309 2511 ratque
333 2449 444 2494 eorum
468 2434 504 2492 ut
528 2431 663 2512 quisque
683 2435 731 2493 cst
746 2435 862 2513 genere
877 2431 1041 2512 copiisque
1057 2429 1280 2512 amplissimus,
1294 2447 1310 2489 a

213 2537 258 2599 ita
279 2537 434 2619 plurimos
459 2538 579 2600 circum
602 2555 635 2598 se
659 2537 821 2600 ambactos
844 2537 1038 2619 clientesque
1055 2536 1158 2600 babet.
1197 2537 1281 2598 hanc

104 2707 105 2714 ,
214 2663 312 2706 unam
334 2643 468 2726 gratiam
491 2643 729 2726 potentiamque
752 2649 917 2706 noverunt.

186 2768 198 2809 i
303 2748 397 2813 Natio
422 2751 595 2813 est-omnis
619 2749 783 2812 Gallorum
806 2750 978 2814 admodum
1000 2749 1105 2812 dedita
1119 2749 1281 2832 religioni·
1299 2759 1344 2812 lo

214 2855 288 2937 buS,
317 2861 412 2938 atque
437 2856 477 2919 ob
502 2874 571 2918 eam
594 2875 722 2918 causam
751 2857 807 2936 qui
835 2861 910 2920 sunt
938 2856 1052 2919 adfecti
1079 2842 1309 2937 gravioribusa

214 2963 334 3026 morbis
358 2963 478 3044 quique
501 2963 536 3024 in
559 2962 687 3043 proeliis
710 2963 926 3045 periculisque
942 2967 1121 3043 versantur,
1146 2967 1200 3024 aut
1223 2980 1280 3044 pro

215 3070 353 3132 victimis
376 3069 521 3132 homines
536 3068 703 3131 immolant
726 3074 781 3132 aut
800 3081 833 3132 se
850 3070 1068 3132 immolaturos
1084 3073 1210 3149 vovent,
1227 3068 1281 3130 ad·

187 3176 433 3255 aministrisque
457 3175 497 3238 ad
516 3181 558 3238 'ea
577 3173 730 3238 sacrificia
747 3176 914 3239 druidibus
930 3179 1078 3256 ubmtur,
1102 3175 1200 3258 quod,
1223 3194 1311 3258 pros

214 3283 281 3344 vita
303 3282 441 3344 hominis
465 3281 527 3343 nisi
551 3280 689 3343 hominis
712 3282 778 3344 vita
800 3282 965 3364 reddatur,
994 3301 1059 3344 non
1087 3299 1179 3365 posse
1208 3280 1282 3343 deo-

215 3407 288 3450 rum
311 3387 538 3450 immortalium
561 3406 680 3450 numen
709 3387 829 3471 placari
856 3388 1063 3471 arbitrantur,
1090 3387 1282 3471 publiceque

215 3495 360 3558 eiusdem
387 3495 511 3577 generis
538 3494 657 3557 habent
688 3495 833 3558 instituta
857 3495 1018 3559 sacrificia.
1068 3495 1123 3558 alii
1149 3496 1281 3557 immani
1295 3521 1317 3562 4-

305 3722 449 3791 9reliquis
468 3723 548 3776 rebus
567 3723 656 3788 farer}
691 3727 700 3790 l
738 3723 771 3777 10
795 3725 903 3776 utantur
920 3723 1050 3790 littarisp
1086 3725 1094 3794 lt
1132 3726 1164 3777 11
1185 3723 1283 3792 uulgus

214 3813 254 3865 ed.
273 3815 301 3879 13
320 3812 430 3879 uulgum
449 3811 479 3864 X
512 3812 521 3879 ll
559 3811 591 3864 12
611 3811 713 3864 discant
730 3818 747 3878 β
783 3812 791 3880 ΙΙ
829 3814 861 3865 17
881 3813 996 3866 maxime
1015 3820 1104 3880 amp
1139 3814 1148 3881 ll
1187 3813 1227 3866 19.
1248 3813 1284 3868 20

215 3903 320 3969 natura,
340 3902 372 3954 de
391 3900 418 3954 ui
437 3901 545 3953 deorum
565 3906 630 3966 acfl

304 3990 350 4044 15.
371 3989 394 4042 2.
415 3991 431 4042 3
450 3990 520 4057 quod
539 3991 600 4042 anta
619 3989 732 4042 caesaris
751 3990 896 4043 aduentum
916 3991 1006 4058 serap
1037 3989 1046 4060 l
1082 3994 1148 4051 boo
1168 3991 1183 4006 ‘⁸
1227 4009 1288 4051 aaa.

215 4079 314 4147 quem
345 4078 354 4146 l
386 4077 525 4143 dcircass
556 4079 564 4146 l
596 4077 728 4144 habantss

305 4169 350 4223 16.
373 4169 385 4219 1
407 4167 523 4220 omnium
538 4186 554 4218 u
587 4168 596 4236 ll
628 4166 808 4220 bdruudibus
829 4186 850 4219 π
872 4168 881 4236 tl
909 4169 958 4222 6l

215 4273 240 4308 r.
262 4273 279 4307 ra
315 4253 323 4326 ll
358 4255 413 4308 uita
431 4255 546 4308 hominis
566 4273 588 4324 φ
620 4256 628 4320 tl
663 4256 748 4324 possa]
769 4255 844 4309 aliter
863 4257 924 4311 odd.

834 4636 942 4776 A
