3126 4968
542 506 649 562 nem
666 506 715 560 rn.
736 505 812 560 oar.
832 507 914 560 1-1.
1222 489 1261 563 tl

194 671 304 754 magni
327 674 359 733 et
380 670 520 752 virtutis,
545 668 585 733 ad
603 668 736 736 Galbam
760 673 931 734 accurrunt
954 673 1049 750 atque
1072 685 1173 741 unam
1195 685 1264 734 esse

155 794 182 836 10
195 791 285 861 spem
312 776 423 844 salutis
451 777 579 858 docent,
607 777 634 840 si
662 777 827 859 eruptione
855 776 937 839 iacta
964 780 1145 845 extremum
1172 775 1264 838 auxi-

195 885 284 948 lium,
298 884 527 966 experirentur.
555 915 556 918 ¹
573 884 681 966 itaque
694 945 697 953 Α
709 883 891 946 convocatis
917 883 1159 947 centurionibus
1183 881 1290 946 cele-s

194 991 272 1054 riter
294 990 411 1056 milites
434 991 585 1059 certiores
607 991 695 1072 facit,
722 989 883 1073 paulisper
904 989 1155 1060 intermitterent
1174 1007 1264 1071 proe-

194 1097 275 1160 lium
290 1114 327 1160 ao
342 1101 467 1160 tantum
482 1096 577 1162 modo
593 1096 656 1162 tela
670 1098 768 1164 missa
783 1097 969 1179 exciperent
983 1114 1082 1177 seque
1098 1115 1141 1159 ex
1154 1094 1263 1160 labore

194 1203 373 1287 reficerent,
401 1208 473 1287 post
501 1204 573 1268 dato
601 1204 692 1286 signo
722 1221 764 1269 ex
787 1204 898 1272 castris
924 1207 1140 1286 erumperent,
1168 1207 1263 1285 atquo

168 1327 180 1368 1
196 1329 322 1380 omnem
345 1330 435 1394 spem
457 1310 569 1376 salutis
591 1311 626 1372 in
641 1311 758 1373 virtute
781 1314 943 1393 ponerent.
983 1307 1076 1385 Quod
1094 1309 1175 1372 iussi
1189 1315 1265 1375 suut
1281 1323 1300 1377 6

193 1418 327 1499 faciunt,
355 1435 392 1480 ao
417 1417 523 1481 subito
553 1415 702 1482 omnibus
730 1417 829 1500 portis
857 1415 1025 1499 eruptione
1052 1415 1135 1482 iacta
1157 1431 1266 1497 neque

195 1525 421 1608 cognoscendi,
455 1524 532 1606 quid
564 1523 666 1606 fieret,
698 1508 818 1606 neque*
836 1523 888 1586 sui
919 1522 1092 1606 colligendi
1120 1523 1265 1587 hostibus

194 1632 380 1695 facultatem
398 1631 592 1712 relinquunt.
632 1631 685 1698 'itu
695 1633 894 1694 commutata
915 1630 1044 1694 fortrma
1057 1647 1134 1710 eos,
1152 1631 1214 1713 ,qui
1229 1631 1263 1694 in
1278 1649 1291 1691 2

168 1756 284 1822 sspem
310 1738 538 1821 potiundorum
565 1742 743 1802 castrorum
767 1742 933 1819 venerant,
961 1736 1105 1820 undique
1129 1737 1266 1808 circum-¹

195 1850 313 1910 ventos
354 1843 553 1910 interficiunt
595 1849 627 1909 et
669 1863 711 1908 ex
743 1844 915 1908 ¹hominum
957 1843 1087 1912 milibus
1130 1844 1265 1928 amplius

194 1951 310 2033 XXX,
334 1967 430 2034 quem
451 1964 624 2016 numerum
639 1950 847 2022 barbarorum
870 1951 911 2016 ad
929 1955 1034 2016 castra
1049 1951 1173 2020 venisse
1189 1969 1265 2014 con-

196 2057 310 2141 stabat,
338 2059 410 2142 plus
438 2059 530 2122 tertia
552 2063 641 2142 parte
668 2058 834 2130 interiecta
860 2058 1000 2140 reliquos
1023 2059 1206 2142 perterritos
1228 2059 1266 2122 in

195 2165 303 2249 fugam
327 2166 468 2230 coiciunt
495 2185 532 2229 ac
557 2185 601 2230 ne
627 2166 662 2228 in
689 2165 768 2228 loeis
792 2164 924 2247 quidem
949 2165 1265 2248 superioribus-oon·-

155 2290 182 2332 ιο
195 2273 306 2336 sistere
337 2273 509 2356 patiuntur.
556 2273 602 2336 sio
634 2271 782 2336 omnibus
815 2271 954 2336 hostium
982 2271 1081 2354 copiis
1108 2271 1188 2336 fusis
1216 2290 1292 2336 {tr-3

194 2379 319 2462 misque
342 2379 453 2450 ¹erutis
481 2397 516 2442 se
543 2379 628 2442 intra
654 2379 850 2444 munitiones
877 2360 956 2441 suae
987 2379 1153 2460 recipiunt.
1200 2399 1264 2461 quo

194 2486 314 2570 proelio
351 2485 447 2568 facto,
486 2486 572 2568 quod
608 2486 734 2568 saepius
772 2485 934 2554 iortunam
972 2489 1127 2568 temptare
1160 2479 1292 2550 ¹Galbae

194 2593 324 2665 nolebat
346 2599 442 2676 atque
466 2593 527 2656 alio
551 2612 595 2656 se.
608 2595 643 2657 in
663 2594 798 2658 hiberna
813 2595 946 2660 oonsilio
962 2595 1088 2656 venisse
1110 2594 1265 2658 memine-

182 2706 256 2783 -rat,
280 2701 350 2764 aliis
374 2701 550 2764 occurrisse
573 2700 669 2766 rebus
690 2701 824 2783 viderat,
849 2702 988 2764 maxime
1012 2700 1164 2767 frumenti
1179 2720 1266 2766 oom-

155 2822 181 2864 15
195 2811 382 2888 mentisque
406 2808 699 2891 inopiapermotus
722 2812 847 2891 postero
869 2807 920 2872 dle
937 2807 1085 2872 omnibus
1109 2807 1178 2870 eius
1201 2807 1264 2872 vici

196 2912 348 2978 aedificiis
371 2915 511 2978 incensis
533 2915 566 2976 in
591 2915 788 2998 provinciam
808 2915 926 2978 reverti
942 2913 1106 2978 contendit
1121 2933 1158 2977 ao
1174 2913 1263 2976 nullo
1278 2930 1291 2971 5

195 3020 285 3084 hoste
317 3019 503 3104 prohibente
540 3026 595 3088 aut
631 3022 692 3085 iter
724 3020 907 3084 demorante
934 3020 1129 3084 incolumem
1165 3020 1264 3104 legio·

196 3145 271 3190 nem
293 3128 327 3190 in
342 3127 527 3208 Nantuates
550 3127 626 3192 inde
649 3129 683 3192 in
698 3127 888 3211 Allobroges
903 3127 1056 3210 perduxit
1071 3125 1183 3209 ibique
1197 3127 1265 3190 hio·

182 3234 302 3302 mavit.
635 3247 637 3254 '
780 3295 782 3302 ,

87 3359 89 3366 ’
169 3355 182 3395 1
206 3321 237 3363 ’”
285 3341 346 3404 His
369 3340 466 3406 rebus
488 3343 585 3424 gestis
609 3361 684 3406 oum
700 3341 848 3414 omnibus
864 3341 904 3404 de
920 3341 1025 3408 causis
1041 3341 1156 3406 Caesar
1171 3351 1298 3424 paca-7

196 3451 260 3510 tam
284 3447 419 3511 Galliam
442 3449 652 3530 existimaret,
681 3446 848 3532 [superatis
871 3448 994 3532 Belgis,
1019 3449 1162 3531 expulsis
1186 3447 1264 3512 Ger-

286 3730 461 3816 9adourrunt
479 3705 508 3797 a,
528 3733 670 3785 occurrunt
686 3738 717 3802 pl¹
735 3732 743 3800 ll
757 3707 759 3712 Ι
775 3745 834 3784 esse
853 3747 906 3784 om.
923 3737 941 3798 β
972 3706 986 3799 ΙΙ,
1014 3731 1046 3784 14
1061 3725 1201 3784 reficerent
1216 3743 1262 3800 opp

195 3817 343 3887 reciperent
361 3837 383 3871 π
414 3820 423 3884 ll
455 3827 505 3887 ep
643 3885 645 3890 ,
1241 3829 1242 3838 ¹

271 3917 312 3999 t.
331 3945 349 3996 4
367 3944 409 3997 Ita
432 3961 463 4011 ‘²3
490 3944 583 4013 Itaque
606 3927 667 4012 pap
708 3946 717 4016 ll
758 3947 774 3999 5
798 3931 982 4014 potiundorum
1009 3943 1051 4012 “fl
1080 3943 1264 4012 potiendorum¹

195 4031 258 4099 B'p
289 4035 297 4102 ll
331 4035 362 4086 11
382 4033 452 4087 intra
470 4033 629 4087 munitiones
642 4041 671 4101 βς
691 4033 717 4086 ln
731 4035 817 4087 oastm
831 4033 1045 4102 munitionesque
1061 4052 1078 4084 o
1110 4037 1119 4101 ll
1153 4034 1186 4089 13
1205 4049 1263 4086 sese
1293 4041 1294 4046 ’

195 4120 258 4192 B'p
289 4124 297 4192 ll
331 4123 365 4174 14
377 4121 435 4175 aliis
453 4138 516 4194 sep
548 4123 557 4192 ss
588 4121 807 4202 uidebatFocrn.
839 4122 849 4191 ll
882 4123 923 4175 14.
945 4124 978 4176 15
993 4119 1162 4176 commeatus
1177 4122 1263 4192 inopia

195 4215 213 4276 β
243 4210 253 4279 ll
283 4209 318 4282 ,18
332 4211 364 4264 ,iu
382 4211 497 4266 antuatis
515 4209 546 4265 X

286 4335 357 4392 Μ.
377 4337 393 4390 3
413 4335 532 4406 expulsis
551 4303 687 4391 Germanis
702 4337 752 4390 del.
763 4336 849 4404 Poul3
868 4336 1002 4413 osterritis
1016 4303 1183 4406 (perterritis,
1204 4348 1271 4405 pe1··'

197 4423 289 4494 oulsis)
309 4425 447 4479 Germanis
465 4425 582 4493 &actm
601 4426 732 4494 superatis
750 4425 840 4495 Belgis
959 4425 1072 4487 sedunis
1090 4427 1140 4488 dcl.
1161 4425 1223 4480 HM
