3218 4812
571 452 677 506 LIBER
697 456 728 509 V.
749 453 823 508 CAP.
844 455 929 510 6-9.
1224 441 1286 503 103

218 619 407 700 gererentur
430 621 634 698 cognosceret
657 617 892 700 consiliumque
920 637 977 700 pro
1001 621 1142 701 tempore
1171 624 1202 682 et
1229 639 1286 702 pro
1314 659 1319 668 ·

188 741 252 787 are
276 726 415 805 caperet,
440 723 507 804 ipse
531 742 605 785 cum
628 723 659 784 V
681 722 862 806 legionibus
886 728 917 786 et
939 726 1008 807 pari
1031 744 1165 790 numero
1195 727 1314 809 equi-a

218 834 301 910 tum,
335 847 429 912 quem
457 831 492 892 in
520 830 696 893 continenti
723 830 936 913 relinquebat,
964 832 1005 894 ad
1033 833 1108 894 solis
1137 852 1286 896 occasum

218 955 315 999 naves
339 935 441 998 solvit.
475 940 506 999 et
523 935 590 1000 leni
610 935 718 1000 Africo
738 943 905 1020 provectus
925 937 1029 1002 media
1050 940 1174 1002 circiter
1193 945 1286 1003 noete

218 1047 313 1106 vento
346 1044 528 1106 intonuisse
556 1062 686 1106 cursum
718 1063 783 1106 non
812 1045 916 1108 tenuit
948 1049 979 1108 et
1005 1045 1134 1128 longius
1163 1046 1285 1109 delatus

218 1153 308 1214 aestu
331 1154 399 1212 orta
417 1149 489 1213 luce
508 1149 567 1212 sub
584 1151 712 1213 sinistra
728 1149 926 1214 Britanniam
945 1140 1087 1214 relictam
1110 1155 1284 1235 conspexit.

178 1277 205 1320 ιο
219 1261 287 1320 tum
310 1276 423 1320 rursus
446 1261 552 1320 aestus
575 1259 857 1320 commutationem
881 1262 1010 1321 secutus
1028 1259 1130 1326 ‚remis
1143 1257 1313 1324 'conten—3

219 1363 277 1446 dit,
306 1368 342 1427 ut
369 1382 438 1426 eam
466 1367 585 1446 partem
613 1363 737 1428 insulae
767 1370 904 1447 caperet,
935 1385 999 1447 qua
1024 1367 1184 1449 'optimum
1216 1384 1285 1429 esse

219 1489 382 1554 egressum
406 1471 569 1553 superiore
593 1475 711 1534 aestate
735 1477 932 1553 cognoverat.
981 1491 1043 1553 qua
1066 1474 1100 1534 in
1119 1492 1152 1536 re
1177 1473 1313 1538 admo-r

219 1577 295 1640 dum
318 1577 378 1641 fuit
400 1577 539 1641 militum
563 1578 666 1641 virtus
681 1577 854 1659 laudanda,
879 1579 935 1661 qui
951 1579 1103 1642 vectoriis
1118 1578 1285 1662 gravibus-

219 1703 281 1767 que
305 1685 443 1767 navigiis
472 1703 537 1746 non
561 1685 743 1748 intermisso
773 1685 951 1770 remigandi
980 1684 1088 1750 labore
1116 1686 1285 1767 longarum

178 1809 204 1851 15
218 1793 350 1854 navium
378 1810 508 1854 cursum
538 1791 767 1873 adaequarunt.
820 1812 982 1856 accessum
1012 1797 1059 1856 est
1093 1793 1133 1855 ad
1160 1792 1312 1860 Britan-s
1331 1869 1340 1876 Α,

217 1899 305 1961 niam
329 1898 479 1961 omnibus
501 1899 639 1962 navibus
662 1898 838 1962 meridiano
862 1899 927 1962 fere
948 1903 1104 1982 tempore,
1128 1917 1234 1982 neque
1250 1900 1284 1961 in

218 2004 348 2080 eoloeo
372 2006 472 2069 hostis
496 2011 544 2070 est
566 2007 667 2086 visus3
697 2007 766 2088 sed,
790 2010 826 2069 ut
848 2011 959 2089 postea
983 2005 1098 2069 Cacsar
1121 2024 1163 2069 ex
1186 2007 1312 2089 eapti-u

217 2114 265 2175 vis
289 2113 451 2196 cognovit,
475 2132 549 2175 oum
572 2132 707 2194 magnae
731 2132 845 2176 manus
874 2132 911 2177 eo
935 2113 1173 2195 convenissent,
1201 2113 1284 2176 mul·

217 2219 354 2282 titudine
376 2221 509 2282 navium
531 2221 727 2302 perterritae,
752 2239 835 2302 quae
859 2239 931 2282 cum
956 2220 1119 2283 annotinis
1139 2221 1284 2304 privatis-

174 2343 292 2408 toque,
322 2345 400 2408 quas
428 2327 479 2388 sui
507 2327 645 2410 quisque
673 2326 833 2389 commodi
861 2346 956 2390 causa
984 2326 1112 2410 fecerat,
1146 2327 1284 2409 amplius

216 2431 325 2496 Duco
350 2453 415 2496 uno
439 2438 530 2496 erant
553 2434 640 2497 visae
663 2439 818 2517 tempore,
847 2454 865 2496 a
888 2433 979 2498 litore
1010 2433 1220 2496 discesserant
1247 2454 1283 2496 ac

189 2559 251 2604 ase
274 2541 308 2603 in
332 2541 496 2623 superiora
519 2540 589 2603 loca
605 2539 799 2604 abdiderant.
840 2539 956 2604 Caesar
971 2541 1116 2624 exposito
1141 2541 1321 2612 exercituo

217 2652 249 2710 et
267 2647 337 2711 looo
357 2649 467 2711 castris
485 2648 601 2711 idoneo
621 2653 727 2731 capto,
743 2647 800 2710 ubi
819 2667 860 2710 ex
880 2648 1014 2731 captivis
1033 2648 1195 2730 cognovit,
1220 2667 1283 2730 quo

215 2755 249 2816 iu
281 2754 351 2817 loeo
385 2755 525 2817 hostium
557 2755 666 2837 copiae
699 2755 931 2835 consedissent,
965 2754 1149 2817 cohortibus
1182 2753 1216 2816 X
1243 2754 1284 2816 ad

216 2879 303 2924 mare
334 2861 454 2924 relictis
487 2865 518 2926 et
551 2861 714 2943 equitibus
748 2859 834 2943 OOC,
869 2862 924 2942 qui
957 2861 1114 2944 praesidio
1148 2860 1283 2923 navibus
1311 2876 1315 2880 “

186 2972 334 3049 cessent,
368 2968 407 3032 de
440 2969 532 3030 tertia
564 2969 675 3051 vigilia
707 2967 746 3030 ad
774 2967 879 3032 hostes
912 2968 1077 3030 contendit
1109 2986 1146 3030 eo
1175 2969 1283 3031 nrinus

216 3075 335 3138 veritus
359 3075 509 3156 navibus,
538 3074 625 3157 quod
648 3076 681 3136 in
704 3074 798 3138 litore
826 3074 916 3137 molli
943 3080 1039 3157 atque
1068 3078 1175 3158 aperto
1204 3075 1283 3138 deli-

214 3187 305 3264 gatas
338 3181 377 3244 ad
410 3200 542 3245 ancoras
574 3180 783 3264 relinquebat.
834 3181 865 3244 ei
893 3181 1049 3264 praesidio
1083 3181 1282 3264 navibusque

215 3286 251 3362 Q.
275 3288 405 3351 Atrium
428 3289 586 3372 praefecit.
625 3290 693 3372 ipse
712 3294 809 3351 noctu
825 3307 1011 3372 progressus
1027 3288 1115 3350 milia
1130 3308 1281 3371 passuum
1297 3312 1310 3352 a

214 3395 343 3458 circiter
365 3393 431 3458 ΧΠ
454 3395 591 3459 hostiurn
617 3396 723 3479 copias
747 3397 949 3477 conspicatus
973 3401 1028 3458 est.
1074 3394 1122 3456 illi
1138 3396 1311 3476 equitatus

304 3643 494 3713 tgerereutur
513 3661 541 3706 ας
568 3642 697 3708 fiereutss
737 3645 745 3711 11
787 3643 803 3696 6
826 3640 992 3710 relinquebat
1013 3649 1041 3708 lb
1069 3641 1213 3710 reliquerat
1233 3661 1249 3692 α
1274 3641 1282 3712 11

213 3733 249 3785 ad
268 3731 331 3786 solis
350 3717 473 3785 occasum
493 3750 521 3798 ιι;
540 3730 604 3786 solis
623 3747 718 3785 occasu
736 3738 754 3798 β
785 3732 793 3795 11
825 3731 936 3784 caestu.
956 3732 1014 3785 orta
1034 3749 1064 3796 ας
1084 3734 1132 3784 est.
1158 3730 1221 3784 Orta
1238 3737 1255 3797 β
1273 3729 1282 3802 11

217 3822 249 3874 15
268 3821 494 3889 adequauerintp
524 3821 532 3888 11
566 3820 599 3874 18
618 3821 741 3888 cognouit
760 3839 789 3887 u3
809 3819 970 3888 comperitp
995 3821 1004 3888 11
1028 3820 1065 3875 20
1084 3821 1196 3888 quisque
1209 3836 1282 3874 oom-

214 3910 285 3964 modi
304 3926 384 3964 eausa
402 3911 440 3964 ed.
461 3914 487 3977 13
516 3910 626 3979 quisque
646 3910 777 3964 commodi
797 3928 825 3974 ας
854 3909 984 3963 commodi
1006 3909 1118 3978 quisque
1141 3925 1221 3963 causa
1238 3917 1255 3976 β
1273 3908 1281 3980 11

213 3998 247 4051 21
269 3999 395 4054 ‚Decea
416 4018 438 4051 rr
469 4001 478 4069 11
510 4015 562 4052 uno
582 4002 656 4052 eraut
674 3999 746 4052 uisae
765 4001 883 4066 tempore
904 4015 934 4067 u3
962 4015 1016 4052 una
1039 4001 1114 4052 erant
1138 3999 1219 4053 uisae.
1248 4000 1282 4052 ti·

213 4096 323 4156 merop

303 4196 331 4252 9.
351 4199 367 4250 5
386 4197 418 4249 de
437 4213 490 4249 om.
508 4203 528 4263 β,
556 4197 564 4264 11
598 4196 759 4250 lanchoras
778 4202 805 4263 βς
829 4210 952 4249 ancoram
972 4215 989 4246 c
1030 4195 1038 4264 11
1080 4195 1103 4249 ei
1123 4194 1226 4262 Krcff.;
1255 4198 1282 4248 et

213 4283 245 4337 X
274 4285 282 4352 11
314 4286 339 4338 7.
358 4285 375 4340 8
394 4285 558 4354 nauibusque
578 4284 608 4350 Q.
629 4284 729 4353 Nipp.;
749 4284 887 4352 nauibusq.
906 4291 935 4351 p3
960 4284 1073 4338 nauibus
1093 4284 1214 4352 quintum
1237 4303 1253 4334 α
1272 4281 1282 4353 11

214 4373 231 4427 9
250 4372 353 4428 circiter
371 4392 423 4428 om.
442 4381 459 4440 β
