3218 4812
288 310 350 372 186
686 322 791 376 BELLI
810 322 952 377 sanuel

284 487 422 550 stionem
445 486 484 550 de
505 485 597 550 bonis
617 486 749 568 direptis
766 487 957 567 decernunt,
980 484 1134 550 Litavicci
1157 486 1355 570 fratrumque

285 592 371 656 bona
392 593 570 676 publicant,
598 593 718 676 legatos
741 593 781 655 ad
805 591 971 656 Caesarem
994 593 1153 676 purgandi
1180 593 1230 656 sui
1254 593 1381 676 gratiae

254 699 425 766 emittunt.
464 700 543 764 haec
562 700 682 763 faciunt
699 699 987 782 recuperandorum
1012 719 1144 763 suornm
1166 719 1273 779 oausa3
1299 699 1353 764 sed

286 808 490 869 contaminat
515 807 655 870 facinore
679 813 710 870 et
733 807 816 888 capti
840 805 1027 890 compendio
1044 825 1086 870 ex
1102 806 1232 890 direptis
1252 806 1354 888 boniS,

286 914 371 996 quod
401 932 438 976 ea
464 932 514 977 res
538 913 577 976 ad
600 913 717 977 multos
742 913 931 996 pertinebat,
960 918 992 976 et
1015 915 1129 977 timore
1153 932 1273 996 poenae
1299 932 1354 976 ex-

285 1021 387 1084 territi
411 1020 544 1084 consilia
567 1021 649 1083 olam
672 1021 711 1083 de
735 1019 819 1083 bello
847 1021 929 1082 inire
957 1020 1117 1103 incipiunt
1144 1021 1353 1103 civitatesque

255 1127 424 1210 areliquas
447 1127 660 1211 legationibus
684 1127 863 1190 sollicitant.
911 1146 993 1208 quae
1017 1128 1143 1190 tametsi
1167 1126 1283 1190 Caesar
1304 1128 1354 1189 in·
1368 1149 1394 1192 10

285 1233 464 1316 tellegebat
488 1240 593 1298 tamen
619 1252 715 1314 quam
738 1234 907 1297 mitissime
930 1239 1034 1317 potest
1056 1235 1177 1318 legatos
1202 1235 1351 1318 appellat:
1406 1264 1409 1270 ·

284 1340 365 1402 nihil
389 1358 423 1403 se
447 1344 574 1424 propter
597 1341 796 1404 inscientiam
819 1341 1045 1423 levitatemque
1062 1342 1152 1424 vulgi
1166 1342 1298 1424 gravius
1314 1341 1353 1404 de

285 1447 413 1511 civitate
436 1447 578 1511 iudicare
605 1465 711 1529 neque
740 1447 779 1510 de
808 1467 866 1510 sua
894 1449 927 1509 in
950 1446 1104 1510 Haeduos
1133 1448 1353 1511 benevolentia

255 1553 479 1620 ademinuere.
525 1555 593 1638 ipse
621 1555 773 1617 maiorem
800 1553 920 1618 Galliae
948 1559 1071 1617 motum
1100 1560 1284 1638 expectans
1312 1574 1353 1618 ne

285 1660 325 1724 ab
355 1662 503 1725 omnibus
534 1661 719 1726 civitatibus
739 1662 1052 1743 -circumsisteretur,
1085 1662 1219 1725 consilia
1245 1662 1354 1745 inibat,
1368 1682 1394 1726 ro

286 1788 381 1851 quem
406 1769 445 1832 ad
468 1770 599 1832 modum
619 1768 812 1852 aGergovia
835 1769 1008 1832 discederet
1031 1788 1067 1832 ac
1090 1789 1202 1833 rursus
1227 1788 1353 1832 omnem

285 1876 465 1939 exercitum
493 1877 706 1957 contraheret,
738 1896 779 1940 ne
807 1877 959 1959 profectio
988 1881 1064 1940 nata
1091 1876 1130 1940 ab
1159 1878 1271 1940 timore
1300 1877 1353 1940 de-

286 1981 430 2044 iectionis
453 1982 631 2064 similisque
654 1983 747 2066 fugae
770 1984 939 2060 uideretur.

225 2106 266 2158 44
374 2087 464 2150 Haec
479 2090 631 2171 cogitanti
646 2090 789 2152 accidere
803 2091 873 2153 visa
889 2095 936 2153 est
950 2091 1083 2154 facultas
1099 2090 1181 2154 bene
1197 2091 1354 2174 gerendae
1368 2111 1380 2153 1

285 2196 341 2257 rei.
380 2215 454 2257 nam
479 2215 549 2258 cum
576 2196 610 2257 in
633 2198 756 2259 minora
777 2202 879 2260 castra
901 2198 1005 2280 operis
1027 2198 1236 2281 perspiciendi
1260 2217 1354 2260 eausa

286 2304 437 2385 venisset,
466 2303 689 2366 animadvertit
712 2304 839 2386 collem⁷
869 2305 924 2387 qui
948 2303 986 2366 ab
1011 2303 1155 2367 hostibus
1179 2304 1353 2386 tenebatur,

286 2410 442 2472 nudatum
458 2410 654 2491 hominibus,
674 2412 730 2493 qui
745 2411 961 2493 superioribus
978 2410 1093 2474 diebus
1109 2412 1165 2472 vix
1181 2431 1255 2494 prae
1272 2411 1353 2474 mul-

257 2516 424 2581 atitndine
444 2518 531 2578 cerni
549 2522 679 2600 poterat.
720 2519 893 2581 admiratus
913 2519 1038 2600 quaerit
1059 2537 1100 2580 ex
1118 2518 1260 2600 perfugis
1279 2536 1380 2580 cau-o

286 2641 367 2702 sam,
392 2642 528 2703 quorum
548 2643 684 2706 magnus
705 2624 746 2686 ad
767 2643 838 2686 eum
857 2625 972 2688 cotidie
992 2641 1144 2686 numerus
1164 2623 1353 2687 confluebat.

254 2729 450 2796 econstabat
472 2730 556 2792 inter
579 2749 701 2812 omnes,
731 2730 814 2812 quod
844 2731 907 2794 iam
935 2732 1003 2813 ipse
1028 2730 1142 2794 Caesar
1164 2749 1221 2814 per
1244 2731 1354 2813 explo-

285 2840 404 2898 ratores
428 2841 632 2919 oognoverat,
657 2837 786 2901 dorsum
810 2856 878 2900 esse
901 2838 970 2900 eius
993 2838 1061 2920 iugi
1084 2855 1182 2921 prope
1206 2856 1353 2919 aequum,

286 2940 340 3004 sed
370 2942 513 3006 silvestre
541 2949 572 3006 et
599 2949 782 3027 angustum,
815 2964 879 3027 qua
906 2950 989 3007 esset
1016 2944 1121 3007 aditus
1155 2944 1194 3007 ad
1222 2944 1353 3008 alteram

253 3053 407 3132 apertam
431 3049 554 3132 oppidi;
579 3051 783 3114 vehementer
805 3052 881 3114 hnic
899 3051 972 3114 illos
990 3051 1060 3114 loco
1081 3052 1191 3114 timere
1211 3069 1270 3114 nec
1288 3051 1352 3113 iam
1368 3069 1394 3112 10

287 3155 378 3218 aliter
399 3157 517 3218 sentire
545 3176 609 3220 uno
634 3157 714 3220 colle
738 3158 777 3220 ab
801 3156 953 3221 Romanis
982 3163 1133 3241 occupato
1162 3159 1190 3220 si
1218 3159 1351 3221 alterum

286 3262 479 3343 amisissent,
504 3263 582 3343 quin
604 3283 704 3346 paene
724 3263 955 3326 circumvallati
979 3269 1074 3346 atque
1098 3266 1185 3327 omni
1209 3265 1297 3328 exitu
1324 3270 1354 3327 et

253 3368 490 3452 spebulatione
522 3370 685 3434 interclusi
716 3369 905 3433 viderentur.
952 3371 992 3434 ad
1024 3371 1110 3434 hunc
1143 3372 1353 3436 muniendum

375 3599 510 3652 tlitauici
530 3599 586 3668 S(f)
618 3599 627 3667 ιι
659 3599 736 3653 osui
754 3599 884 3668 purgandi
903 3619 920 3651 a
952 3599 961 3668 ιι
993 3601 1103 3655 dcausa
1122 3607 1265 3668 suorunrfl
1297 3601 1305 3670 ιι
1336 3601 1353 3655 8

284 3687 340 3757 (et)
361 3689 431 3756 quod
449 3688 524 3742 Paul
555 3693 564 3756 ιι
596 3691 623 3742 et
641 3705 693 3742 om.
714 3707 743 3755 a;
763 3688 838 3742 Paul
869 3689 877 3758 ιι
910 3689 944 3742 12
963 3692 991 3743 et
1002 3689 1139 3744 leuitatem
1151 3689 1226 3759 uulgi
1238 3697 1256 3757 β
1282 3688 1291 3761 ιι
1320 3691 1353 3744 lb

273 3776 438 3829 ciuitatibus
457 3784 545 3843 emp
576 3778 585 3844 ιι
619 3778 651 3831 16
671 3793 687 3830 a
706 3795 739 3846 φ;
758 3778 832 3846 81χ;
851 3785 940 3846 onan
971 3780 980 3844 ιι
1014 3780 1045 3832 17
1060 3779 1247 3833 contraherer
1280 3779 1289 3848 ιι
1320 3796 1353 3833 ne

281 3865 325 3932 X3
344 3881 394 3918 neo
412 3865 527 3919 Nitsebe
558 3867 567 3935 ιι
598 3873 648 3932 eft
680 3867 688 3935 ιι
722 3865 754 3919 18
773 3883 825 3935 qne
844 3885 897 3920 om.
918 3887 934 3919 o

374 3974 421 4027 44.
445 3975 466 4025 l.
487 3973 503 4024 2
521 3973 589 4026 bene
607 3973 646 4026 rei
664 3973 793 4041 gerendae
807 3993 824 4025 α
856 3977 864 4045 ιι
898 3975 1130 4044 2ρτοερίοἰθιιᾱίβ
1160 3977 1168 4045 ιι
1201 3975 1354 4030 3animnm

280 4061 401 4114 ‚aduertit
419 4061 456 4114 ab
487 4061 496 4129 ιι
529 4063 685 4130 bpotuerat
703 4062 765 4116 HM
793 4063 801 4132 ιι
833 4063 944 4117 miratus
963 4064 1038 4118 Paul
1073 4065 1081 4133 ιι
1117 4066 1199 4119 9sed
1218 4065 1289 4119 huno
1308 4066 1354 4119 sil·

285 4152 445 4204 nostramet
464 4169 481 4202 a
509 4151 517 4219 ιι
542 4151 575 4205 10
594 4151 681 4220 oppidi
700 4155 803 4220 partem
821 4159 838 4220 β
861 4154 869 4223 ιι
891 4153 954 4207 lruio
973 4153 1031 4207 loco
1050 4154 1225 4208 uehementer
1242 4154 1301 4208 illos
1320 4155 1353 4208 ti-

283 4246 394 4306 merep
425 4242 433 4310 ιι
467 4242 498 4293 11
519 4247 569 4308 ap
600 4242 609 4310 ιι
642 4240 675 4293 12
693 4241 855 4311 amisissent,
875 4258 928 4295 non
947 4242 1061 4296 dubitari
1079 4243 1177 4311 quinp
