3214 4812
540 377 648 430 LIBER
666 377 726 430 VH.
747 376 823 431 CAP.
843 377 961 432 76-77.
1218 362 1281 425 209

217 541 273 621 qui
297 539 438 602 dolorem
460 539 615 622 patienter
636 540 747 603 ferant.
789 544 885 622 atque
909 558 967 623 ego
990 540 1072 603 hano
1094 540 1310 606 sententiamo

216 646 396 729 probarem,
421 683 462 692 -
486 650 610 709 tantum
630 647 715 730 apud
732 664 784 708 me
803 646 941 729 dignitas
959 652 1073 730 potest,
1100 683 1140 694 —
1164 647 1192 709 si
1211 647 1284 709 nul-

216 754 280 816 lam
302 758 525 836 praeterquam
541 753 625 816 vitae
647 757 774 817 nostrae
789 755 944 816 iacturam
961 752 1032 816 fieri
1047 753 1203 832 viderem;
1228 754 1310 821 seda

176 860 253 926 aoin
280 860 414 924 consilio
442 859 594 943 capiendo
624 879 750 922 omnem
775 857 911 922 Galliam
939 861 1159 942 respiciamus,
1188 879 1285 941 quam

218 966 257 1028 ad
273 971 418 1030 nostrum
434 966 589 1030 auxilium
605 967 843 1030 concitavimus.
878 965 956 1048 quid
971 966 1136 1028 hominum
1154 965 1284 1029 milibus
1298 991 1311 1034 a

217 1071 346 1136 LXXX
373 1092 437 1136 uno
465 1073 535 1136 loco
564 1073 735 1136 interfectis
757 1074 945 1156 propinquis
973 1073 1284 1156 consanguineisque

217 1181 333 1242 nostris
357 1179 457 1242 animi
479 1179 546 1242 fore
570 1180 770 1262 existimatu,
794 1181 822 1242 si
844 1198 943 1263 paene
966 1181 1000 1241 in
1022 1180 1100 1262 ipsis
1124 1179 1285 1243 cadaveri-

218 1285 277 1349 bus
299 1285 419 1369 proelio
445 1285 604 1349 decertare
628 1287 801 1370 cogentur?
831 1287 928 1350 nolite
952 1287 1010 1349 hos
1034 1290 1139 1350 vestro
1163 1286 1312 1352 auxilios

178 1415 204 1457 25
219 1393 392 1475 expoliare,
421 1393 478 1474 qui
501 1397 624 1456 vestrae
650 1393 760 1456 salutis
784 1412 879 1456 causa
906 1412 1002 1456 suum
1029 1393 1207 1476 periculum
1229 1411 1285 1456 ne-

218 1500 399 1582 glexerunt,
431 1518 491 1562 nec
524 1500 660 1562 stultitia
692 1518 729 1562 ac
760 1501 935 1564 temeritate
962 1503 1067 1563 vestra
1101 1504 1155 1563 aut
1186 1500 1286 1563 animi

218 1605 436 1670 imbecillitate
460 1624 587 1668 omnem
604 1605 740 1669 Galliam
763 1611 961 1689 prosternere
985 1610 1017 1669 et
1035 1611 1205 1690 perpetuae
1221 1626 1285 1670 ser-

219 1713 313 1776 vituti
333 1712 486 1776 subicere.
527 1732 568 1776 an
592 1713 677 1794 quod
694 1714 735 1776 ad
751 1713 836 1777 diem
851 1731 918 1776 non
934 1717 1103 1794 venerunt,
1119 1713 1158 1776 de
1174 1732 1283 1776 eorum
1301 1737 1326 1778 ιο

219 1817 281 1882 fide
301 1820 543 1902 constantiaque
562 1818 734 1882 dubitatis?
768 1820 848 1901 quid
863 1821 959 1903 ergo?
992 1819 1152 1883 Romanos
1171 1821 1205 1882 in
1221 1818 1286 1883 illis

179 1947 206 1990 ao
220 1925 424 1990 ulterioribus
452 1925 686 1990 munitionibus
714 1927 857 1989 animine
885 1946 980 1990 causa
1003 1926 1120 1992 cotidie
1143 1928 1287 1991 exerceri

219 2033 356 2115 putatis?
401 2034 429 2096 si
451 2033 581 2096 illorum
603 2034 727 2096 nuntiis
751 2033 931 2096 confirmari
954 2053 1021 2097 non
1044 2035 1175 2117 potestis
1200 2035 1287 2096 omni
1302 2058 1326 2099 rr

220 2138 309 2202 aditu
324 2144 521 2223 praesaepto,
542 2141 591 2202 his
606 2140 735 2203 utimini
751 2140 885 2204 testibus
902 2141 1159 2224 adpropinquare
1176 2160 1288 2205 eorum

220 2247 406 2326 adventum;
435 2247 528 2310 cuius
551 2247 599 2310 rei
622 2247 735 2310 timore
759 2247 904 2311 exterriti
932 2247 1018 2312 diem
1040 2252 1229 2329 noctemque
1252 2248 1287 2310 in

221 2372 314 2436 opere
332 2358 505 2417 versantur.
544 2354 622 2436 quid
646 2373 720 2436 ergo
744 2355 809 2418 mei
831 2355 959 2418 consilii
979 2354 1046 2417 est?
1081 2355 1185 2417 facere
1201 2354 1287 2434 quod
1302 2377 1328 2418 12

179 2480 206 2522 aa
220 2461 320 2523 nostri
347 2461 481 2523 maiores
507 2479 713 2543 nequaquam
740 2463 810 2544 pari
837 2459 920 2524 bello
950 2459 1152 2524 Cimbrorum
1173 2461 1288 2524 Teuto-

221 2586 364 2650 numque
383 2568 540 2646 feoerunt;
567 2569 623 2650 qui
642 2569 677 2630 in
693 2567 809 2650 oppida
824 2567 980 2650 compulsi
1004 2586 1041 2630 ac
1060 2568 1159 2631 simili
1178 2567 1289 2650 inopia

221 2673 345 2737 subacti
372 2693 482 2737 eorum
510 2674 709 2757 corporibus,
738 2675 794 2757 qui
816 2678 918 2737 aetate
945 2674 986 2736 ad
1010 2674 1131 2737 bellum
1157 2673 1289 2737 inutiles

222 2781 425 2864 videbantur,
453 2782 551 2844 vitam
579 2781 797 2844 toleraverunt
826 2799 931 2862 neque
959 2798 992 2844 se
1019 2780 1163 2844 hostibus
1191 2780 1289 2843 tradi-

223 2888 346 2951 derunt.
393 2888 484 2950 ouius
511 2888 558 2952 rei
585 2889 612 2950 si
640 2888 824 2970 exemplum
853 2905 919 2950 non
946 2886 1149 2967 haberemur,
1181 2891 1289 2951 tamen
1304 2909 1329 2950 ra

180 3012 208 3054 ro
221 2993 377 3058 libertatis
409 3013 505 3057 causa
532 2995 657 3058 institui
689 2999 721 3058 et
751 2995 884 3077 posteris
916 2994 1009 3076 prodi
1040 2993 1288 3076 pulcherrimum

222 3101 406 3164 iudicarem.
453 3101 630 3183 namquid
657 3101 706 3164 illi
729 3101 833 3164 simile
861 3100 944 3164 bello
966 3100 1051 3164 fuit?
1099 3100 1289 3184 depopulata
1305 3123 1330 3164 14

224 3206 327 3270 Gallia
348 3207 468 3270 Cimbri
490 3226 671 3290 magnaque
695 3207 793 3271 inlata
817 3208 994 3272 calamitate
1017 3206 1136 3271 finibus
1160 3209 1290 3291 quidem

223 3314 341 3377 nostris
365 3314 536 3397 aliquando
557 3319 763 3379 excesserunt
786 3319 882 3396 atque
901 3315 977 3377 alias
997 3320 1096 3378 terras
1119 3316 1288 3397 petierunt,

224 3421 306 3502 iura,
330 3421 429 3504 leges,
452 3439 555 3505 agrae,
579 3421 758 3485 libertatem
780 3420 874 3484 nobis
897 3421 1106 3503 reliquerunt.
1153 3420 1289 3482 Romani
1304 3442 1330 3484 15

315 3667 348 3722 18
366 3669 513 3737 probarem.
537 3667 606 3722 Nam
629 3669 699 3736 apud
719 3684 761 3722 me
784 3669 923 3734 tantumn
957 3667 965 3734 ll
1002 3666 1035 3719 21
1056 3666 1119 3736 quid
1137 3665 1165 3718 in
1184 3666 1290 3734 (h)onri-

224 3773 289 3810 num
308 3776 326 3808 a
357 3756 365 3824 ll
398 3757 432 3810 22
450 3756 558 3810 LXXX
577 3756 711 3824 sB²M²a3
729 3755 865 3811 LXXXX
885 3775 903 3807 ιι
938 3757 946 3824 ll
983 3754 1051 3820 Quid
1069 3755 1223 3824 propinquis
1243 3774 1264 3807 π
1283 3754 1291 3827 ll

226 3845 260 3900 24
277 3846 326 3901 hos
346 3864 375 3914 τις
394 3846 472 3913 hocp
503 3848 512 3916 ll
545 3846 578 3900 25
597 3845 738 3916 spoliareq
770 3848 778 3915 ΙΙ
810 3846 856 3914 qui
876 3863 905 3912 ις
925 3861 970 3898 eos
989 3845 1069 3913 quir]
1101 3843 1109 3912 ll
1142 3844 1184 3899 26.
1198 3845 1231 3898 27
1251 3845 1291 3898 in-

224 3935 367 3990 becillitate
386 3935 502 4002 animipt
533 3935 541 4004 [l
574 3935 608 3989 28
626 3935 746 3989 subicere
766 3953 795 4002 α;
819 3934 980 4001 addiceross
1020 3934 1029 4002 ll
1071 3933 1104 3987 29
1123 3949 1245 3988 romanos
1263 3941 1291 4001 β;

224 4040 394 4078 romanorum
412 4025 514 4080 animos
533 4043 551 4075 ιι
583 4028 592 4093 ΙΙ
624 4025 659 4079 30
677 4024 790 4078 animine
808 4030 837 4091 β;
856 4023 912 4076 sine
932 4042 949 4074 u
981 4024 990 4093 ll
1022 4023 1054 4077 31
1070 4022 1158 4078 siem.
1171 4029 1189 4090 β
1219 4022 1226 4094 ll
1258 4023 1291 4076 32

226 4115 363 4183 praerepto
382 4131 405 4165 π
436 4118 445 4182 [Ι
476 4113 508 4166 iis
527 4112 554 4166 A
589 4117 598 4180 ll
632 4113 665 4166 37
685 4113 792 4167 inutiles
811 4113 844 4168 ad
863 4111 999 4179 bellumq
1030 4111 1038 4180 ll
1071 4111 1105 4166 38
1124 4112 1244 4166 hostibus
1263 4127 1291 4164 so

224 4209 242 4271 β
272 4201 279 4273 ll
310 4203 424 4258 39-41
444 4202 520 4256 cuius
539 4202 578 4255 rei
597 4241 798 4256 ............
818 4201 964 4255 iudicarem
983 4208 1072 4269 emp
1097 4205 1106 4269 ΙΙ
1131 4201 1166 4254 42
1186 4201 1293 4268 quidem

225 4299 315 4360 ιιι-,β
346 4292 354 4361 ll
386 4293 421 4345 43
440 4291 626 4360 ρθὶὶιιθιιιιιῒβ

271 4397 350 4441 Caesar
363 4397 380 4440 I.
396 4398 430 4442 ed.
446 4397 535 4442 Meusel.
1101 4396 1135 4449 14
