3126 4968
331 361 364 405 v1
805 354 970 400 PRAEFATIO

330 540 399 580 cum
423 521 495 580 satis
518 521 671 580 multaab
694 520 854 580 editoribus
870 522 1079 598 praetermissa
1102 528 1131 582 et
1145 524 1280 600 neglecta
1302 540 1368 582 esse
1391 522 1448 582 iam

330 616 398 669 ante
421 610 475 669 hos
498 610 600 669 decem
623 627 715 669 annos
737 609 954 685 intellegerem,
978 611 1038 670 iam
1061 617 1124 671 tum
1148 613 1214 688 ipse
1230 611 1448 671 vetustissimos
1536 677 1537 684 ,

330 698 421 758 huius
444 698 576 758 codicum
600 699 718 774 generis
743 699 848 773 libros,
876 699 928 758 ubi
955 700 1084 776 primum
1113 701 1181 760 data
1207 707 1287 761 esset
1314 701 1448 774 facultas

299 803 301 810 ’
330 789 463 848 conferre
486 787 639 861 constitui,
661 793 697 847 ut
719 787 897 865 quicumque
925 788 957 847 in
981 789 1114 849 Caesaris
1142 795 1172 849 et
1194 791 1284 850 Hirtii
1312 789 1449 849 debello

331 876 444 937 Gallico
467 876 689 938 commentarios
712 895 830 954 operam
854 878 1045 954 studiumque
1072 879 1184 938 vellent
1210 879 1343 939 conferre
1370 884 1449 938 certo

330 965 415 1043 quasi
443 965 635 1025 fundamento
666 965 721 1025 uiti
748 971 877 1042 possent.
930 966 1102 1044 Comparari
1134 968 1225 1044 igitur
1256 986 1333 1027 anno
1364 969 1447 1027 1892

330 1054 461 1114 Beroliui
488 1055 604 1114 codices
635 1055 807 1114 lbuaueuna
835 1055 873 1131 (a)
903 1060 932 1114 et
965 1055 1213 1115 Vindobonensem
1234 1057 1374 1133 metum
1400 1056 1449 1132 (f),

330 1143 441 1203 Romae
469 1142 666 1202 Crassianam
690 1143 744 1221 (h),
774 1143 938 1204 Florentiae
960 1150 1074 1222 partem
1102 1145 1292 1204 Riccerdiana'
1315 1145 1356 1222 (l).
1402 1145 1450 1204 Ex

330 1233 422 1292 altero
449 1233 584 1294 codicum
611 1250 718 1308 genere
748 1229 790 1310 (1)
818 1231 915 1293 adhuc
947 1235 1077 1292 nondum
1105 1234 1230 1294 collatus
1261 1240 1324 1294 erat
1356 1232 1450 1293 codex

330 1321 634 1380 Asbburnhama'enus
662 1321 722 1400 (S):
755 1321 836 1380 hune
863 1339 980 1398 quoque
1008 1322 1172 1382 Florentiae
1199 1323 1317 1382 contuli.
1369 1322 1450 1382 Libri

336 1410 471 1470 Vaticani
494 1411 552 1488 (M)
575 1410 774 1485 collationem,
798 1429 887 1488 quam
910 1416 979 1469 ante
994 1410 1116 1486 triginta
1138 1412 1200 1472 fere
1215 1430 1307 1472 annos
1323 1412 1449 1490 diligen-

329 1497 444 1560 tissime
467 1500 653 1574 eonfeoerat,
671 1499 706 1560 D.
731 1499 945 1573 Detlefsenius,
968 1499 1014 1558 vir
1037 1500 1179 1576 singulari
1199 1502 1327 1578 quadam
1346 1502 1449 1561 huma-

329 1588 422 1648 nitate
445 1593 475 1648 et
489 1589 666 1648 liberalitate
680 1587 844 1664 praeditae,
868 1588 1081 1664 benignissime
1096 1589 1170 1648 mihi
1185 1589 1317 1664 tradidit3
1342 1590 1449 1668 quibus

330 1684 427 1736 eutem
451 1676 524 1736 locis
548 1712 589 1719 -
614 1677 736 1736 fuerunt
758 1677 802 1734 illi
826 1677 1034 1754 quadringenti
1057 1678 1119 1737 fere
1136 1713 1176 1720 —
1193 1678 1367 1740 Detlefsenii
1391 1680 1449 1738 col·

329 1766 401 1824 latio
416 1766 601 1842 discrepabat
620 1765 789 1840 aFrigellii.
800 1766 847 1826 vel
863 1766 995 1837 Ddbneri
1011 1766 1180 1842 collatione,
1203 1767 1241 1827 iis
1261 1768 1326 1845 ipse
1340 1769 1449 1828 Romae

329 1854 462 1914 codicem
471 1853 597 1931 inspexi,
607 1873 642 1913 ac
654 1871 771 1930 semper
782 1855 843 1916 iere
852 1854 1068 1918 Detlefsenium
1075 1873 1182 1914 uerum
1191 1857 1301 1916 vidisse
1316 1859 1449 1932 cognovi.

329 1943 502 2002 Extremam
525 1961 596 2002 saue
618 1943 686 2002 libri
702 1943 770 2004 VII.
787 1949 900 2020 partem
923 1949 953 2003 et
973 1949 1068 2003 totum
1083 1943 1193 2003 librum
1208 1945 1292 2005 VIII.
1309 1948 1449 2023 temporis

329 2032 475 2108 angustiis
499 2032 660 2108 impeditus
682 2032 828 2109 inspicere
856 2051 914 2092 nou
942 2033 1038 2110 potui;
1068 2033 1219 2092 dimidiam
1246 2035 1309 2094 fere
1336 2040 1450 2110 partem

330 2120 396 2180 libri
420 2120 502 2180 VIII.
526 2126 631 2196 rogatu
654 2139 731 2195 meo,
754 2122 835 2198 quod
857 2123 921 2180 eius
945 2121 1038 2199 partis
1061 2123 1177 2182 collatio
1201 2123 1376 2182 Detlefsenii
1399 2125 1449 2183 de-

330 2211 470 2287 perierat,
497 2211 626 2286 benigne
654 2210 779 2270 contulit
806 2213 960 2286 Augustus
988 2211 1066 2271 Mau.
1118 2211 1233 2271 Codicis
1261 2212 1451 2272 discordabat

330 2299 395 2375 ipse
417 2299 583 2375 comparavi
599 2300 709 2358 librmn
724 2297 823 2375 'VIII.;
846 2300 878 2358 in
894 2299 1016 2377 reliquis
1033 2300 1116 2360 libris
1131 2299 1252 2360 adhibui
1275 2319 1341 2360 eam
1359 2320 1449 2378 quam

330 2387 415 2446 Felix
442 2387 600 2448 Ramorino
627 2389 705 2446 foras
733 2387 815 2446 dedit
844 2388 1042 2463 collationem,
1071 2390 1124 2448 sed
1151 2407 1202 2448 eos
1229 2389 1309 2450 locos
1342 2391 1449 2467 qulbus

329 2481 449 2554 propter
471 2477 653 2554 reliquorum
676 2477 809 2536 eiusdem
832 2476 936 2536 classis
956 2478 1089 2538 codicum
1105 2478 1274 2538 dissensum
1290 2478 1447 2538 111111111-

329 2565 460 2625 rinianae
482 2565 647 2625 collationis
674 2565 734 2624 fide
761 2565 931 2625 dubitabam
961 2566 1068 2642 partim
1095 2566 1160 2644 ipse
1187 2567 1351 2628 Florentiae
1379 2586 1448 2628 exa-

329 2654 452 2728 minavi,
481 2654 600 2731 partim,
624 2655 693 2730 plus
716 2659 877 2729 trecentos,
905 2653 1048 2732 Georgius
1076 2657 1165 2731 Karo,
1194 2657 1370 2716 adulescens
1392 2657 1448 2715 hu-

329 2744 521 2804 manissImus
548 2748 579 2802 et
610 2744 646 2803 de
674 2744 767 2803 Bellis
795 2744 978 2805 Caesarianis
1010 2744 1120 2821 optime
1152 2746 1289 2819 meritus,
1327 2746 1450 2805 comiter

329 2833 435 2891 iterum
452 2833 592 2909 inspexit,
630 2832 714 2892 Idem
730 2831 839 2892 codicis
858 2833 1128 2894 Ashburnhamiani
1144 2841 1264 2894 centum
1284 2835 1348 2894 fere
1368 2834 1449 2894 locos

329 2921 437 2999 quibus
459 2939 541 2980 meae
562 2921 710 2981 collationi
731 2922 900 2982 diffidebam
923 2923 1019 2982 denuo
1034 2923 1174 2999 contulit;
1198 2942 1257 3000 qua
1279 2925 1344 2982 eius
1360 2941 1449 3000 opere

329 3015 375 3069 ter
406 3029 453 3069 me
485 3010 629 3070 erravisse
660 3011 730 3070 vidi
786 3011 907 3070 Codices
941 3011 1181 3086 Bouyersa'euum
1209 3012 1231 3072 Ι.
1261 3010 1324 3089 (A),
1362 3013 1449 3071 Pari·

329 3099 432 3158 sinunt
454 3099 477 3158 I.
502 3099 565 3176 (B),
588 3099 820 3176 Moysiacensem
839 3100 888 3177 (Q)
911 3099 976 3176 ipse
991 3101 1122 3159 nondum
1145 3100 1177 3158 in
1193 3102 1329 3160 manibus
1349 3101 1449 3175 habui,

330 3189 382 3248 sed
405 3205 482 3265 quae
509 3189 545 3248 de
572 3189 620 3247 his
646 3189 732 3248 libris
758 3189 950 3248 inveniuntur
976 3189 1008 3246 in
1035 3187 1212 3248 editionibus
1241 3187 1449 3266 Oudendorpii,

330 3277 514 3351 Schneideri,
537 3276 714 3354 Nipperdei,
736 3276 879 3352 Frigellii,
903 3276 1047 3350 Ddbueri,
1070 3277 1205 3346 Holderi,
1234 3293 1269 3338 ea
1291 3277 1451 3354 diligenter

262 3384 264 3386 ·
330 3366 496 3426 examinata
511 3366 543 3425 in
558 3367 634 3426 hanc
654 3367 810 3426 editionem
827 3366 932 3441 recepi.
972 3365 1152 3426 Vossianum
1167 3367 1200 3442 I,
1224 3367 1399 3428 Leidensem
1415 3367 1449 3442 I.,

329 3455 529 3516 Havniensem
552 3455 576 3515 I.
599 3456 731 3532 aliosque
760 3453 876 3513 codices
899 3473 953 3513 cur
976 3456 1138 3532 spreverim
1161 3457 1223 3516 dlxi
1246 3458 1278 3516 in
1300 3475 1449 3517 commen-

329 3544 412 3604 tariis
428 3545 613 3604 scholasticis
626 3542 865 3602 Berolinensibus
882 3543 1129 3621 (Jahresberiehtc
1144 3547 1197 3606 des
1214 3545 1449 3622 philologisohen

331 3633 455 3692 Vereins
480 3653 517 3692 zu
540 3633 640 3692 Berlin
666 3634 750 3692 1885
776 3651 803 3709 p.
824 3634 886 3694 174
902 3635 986 3714 sqq).
1034 3635 1175 3696 Consulto
1198 3635 1288 3694 etiam
1310 3634 1385 3692 duos
1402 3653 1450 3693 co-

329 3721 411 3782 dices
423 3722 635 3782 Laurentianos
648 3722 732 3799 (plut.
750 3725 800 3797 68,
817 3725 835 3784 8
853 3729 883 3784 11
901 3726 950 3797 68,
970 3726 1000 3801 6)
1018 3721 1150 3798 neglexi,
1170 3740 1238 3780 nam
1254 3722 1405 3796 111168,
1421 3725 1449 3796 6,

330 3812 381 3887 qui
404 3812 548 3870 Bandiuio
571 3811 798 3887 antiquissimus
821 3813 904 3872 visus
927 3818 984 3886 est,
1012 3817 1091 3870 totus
1119 3810 1313 3886 transcriptus
1341 3817 1387 3870 est
1410 3830 1450 3870 ex

329 3900 416 3959 Laur.
443 3902 492 3972 68,
518 3902 550 3974 8,
580 3899 629 3958 hic
656 3906 768 3972 autem,
796 3919 975 3977 quamquam
1002 3900 1034 3957 in
1062 3899 1279 3958 commentariis
1307 3901 1344 3960 de
1372 3901 1450 3959 bello

329 3989 423 4062 civili,
446 3987 658 4060 Alexandrino,
682 3989 834 4060 Africano,
857 3989 1048 4065 Hispaniensi
1071 3988 1102 4046 in
1125 3989 1303 4064 optimorum
1326 4008 1450 4048 numero

329 4082 375 4136 est
403 4076 570 4149 habendus,
598 4083 698 4136 tamen
726 4076 757 4134 in
786 4076 864 4136 bello
888 4076 1001 4137 Gallico
1029 4077 1101 4154 quin
1130 4095 1167 4135 ex
1194 4078 1328 4138 Parisino
1350 4078 1375 4138 I.
1399 4079 1449 4137 de-

330 4165 458 4241 scriptus
487 4165 537 4238 sit,
567 4164 623 4224 etsi
650 4183 744 4241 pauca
771 4165 927 4224 admodum
956 4167 1054 4241 capita
1080 4167 1259 4242 comparavi,
1288 4167 1360 4226 mihi
1388 4185 1449 4225 non

330 4260 376 4313 est
399 4253 529 4313 dubium.
