3218 4812
572 362 680 416 LIBER
698 363 745 418 VI.
765 361 840 416 CAP.
861 361 947 416 5—8.
1230 345 1292 407 137

200 524 370 607 olegiones
392 526 495 589 missu
518 525 660 589 Caesaris
684 529 888 608 cognoscunt
934 525 1045 606 positis
1061 525 1171 587 castris
1195 543 1214 585 a
1235 525 1327 589 nri-e

227 629 314 695 libus
342 651 493 715 passuum
522 631 587 711 XV
615 632 736 696 auxilia
764 632 995 695 Germanorum
1023 635 1189 713 expectare
1221 648 1294 692 oon·

229 741 372 802 stituunt.
417 738 578 804 Labienus
600 739 740 803 hostium
756 739 881 821 cognito
898 737 1030 800 consilio
1052 756 1182 820 sperans
1197 741 1326 802 teme-a

228 846 320 910 ritate
344 865 455 909 eorum
477 844 545 909 fore
569 845 709 928 aliquam
733 844 906 908 dimicandi
927 844 1111 908 facultatem
1137 843 1295 926 praesidio

228 951 260 1014 V
284 952 462 1016 cohortium
490 951 725 1035 impedimentis
753 951 861 1014 relicto
890 969 963 1014 oum
986 948 1084 1012 XXV
1113 949 1297 1014 cohortibus

189 1081 216 1124 10
229 1077 410 1142 magnoque
438 1060 583 1141 equitatu
615 1063 724 1122 contra
751 1059 875 1122 hostem
901 1056 1115 1140 proficiscitur
1147 1061 1179 1120 et
1208 1056 1295 1120 mille

229 1185 381 1247 passuum
403 1166 583 1230 intermisso
612 1166 712 1248 spatio
746 1170 848 1228 castra
875 1164 1058 1228 communit.
1115 1167 1181 1226 erat
1212 1164 1329 1228 interr>

229 1271 408 1336 Labienum
431 1277 526 1354 atque
549 1272 672 1336 hostem
696 1270 819 1334 difficili
847 1272 982 1334 transitu
1005 1269 1128 1334 flumen
1154 1270 1296 1352 ripisque

229 1380 416 1462 praeruptis.
467 1378 528 1442 hoc
560 1397 665 1461 neque
698 1379 765 1461 ipse
797 1378 932 1442 transire
964 1376 1101 1440 habebat
1127 1377 1162 1439 in
1189 1376 1296 1440 animo

230 1503 335 1567 neque
358 1486 466 1549 hostes
489 1485 678 1548 transituros
702 1484 911 1548 existimabat
957 1483 1132 1566 augebatur
1160 1481 1298 1546 auxilio·

190 1615 216 1656 11
230 1613 302 1656 1111
326 1592 442 1657 cotidie
466 1611 544 1676 spes.
583 1592 726 1674 loquitur
741 1591 886 1656 consulto
902 1591 1019 1674 palam,
1044 1590 1196 1672 quoniam
1220 1589 1330 1654 Ger-s
1443 1619 1452 1642 ·

230 1700 319 1762 mani
342 1700 597 1783 adpropinquare
621 1686 788 1781 dicantur„
805 1717 874 1764 sese
899 1716 973 1762 suas
989 1698 1212 1778 exercitusque
1235 1697 1298 1759 for·

231 1811 326 1870 tunas
348 1807 383 1868 in
406 1806 541 1869 dubium
563 1825 629 1870 nou
654 1805 882 1869 devocaturum
910 1809 941 1868 et
963 1808 1088 1888 postero
1117 1803 1168 1867 die
1196 1804 1299 1886 prima

231 1913 303 1996 luce
326 1919 427 1976 castra
450 1919 620 1976 moturum.
660 1913 805 1976 celeriter
827 1912 905 1976 haec
925 1910 965 1974 ad
979 1912 1086 1975 hostes
1102 1910 1330 1993 deferuntur,t

231 2024 268 2083 ut
291 2038 340 2083 111
356 2039 472 2103 magno
497 2019 659 2083 Gallorum
685 2020 828 2101 equitum
853 2036 989 2084 numero
1013 2037 1079 2080 non
1102 2015 1209 2080 nullos
1226 2016 1298 2080 Gal-

191 2127 303 2195 aulicis
325 2126 421 2190 rebus
444 2126 549 2190 favere
572 2131 687 2190 natura
710 2126 849 2208 cogebat.
896 2123 1057 2188 Labienus
1085 2128 1177 2186 nocte
1199 2123 1331 2189 tribu-a

231 2235 283 2296 nis
305 2233 445 2296 mihtum
467 2233 642 2316 primisque
670 2231 837 2295 ordinibus
865 2232 1047 2296 convocatis
1076 2230 1155 2312 quid
1182 2231 1234 2294 sui
1259 2230 1301 2294 sit

233 2340 360 2403 consilii
392 2340 552 2422 proponit,
592 2345 623 2404 11
660 2359 723 2421 quo
755 2339 882 2403 facilius
914 2338 1058 2402 hostibus
1090 2337 1213 2401 timoris
1247 2337 1301 2400 det

233 2447 462 2529 suspicionem,
494 2448 614 2511 maiore
647 2447 779 2530 strepitu
812 2450 842 2510 et
875 2445 1028 2526 tumultu,
1062 2463 1158 2525 quam
1190 2444 1301 2527 populi

232 2553 370 2616 Romani
392 2554 453 2616 fert
476 2553 685 2636 consuetudo,
709 2559 811 2616 castra
832 2553 956 2616 moveri
983 2552 1080 2615 iubet.
1126 2551 1177 2613 his
1203 2550 1301 2614 rebus

192 2680 220 2722 11
233 2660 327 2744 fugae
350 2660 486 2722 similem
510 2660 736 2742 profectionem
759 2657 862 2722 efficit.
908 2659 985 2721 haec
1010 2677 1137 2741 quoque
1164 2675 1222 2740 per
1245 2675 1333 2720 err-e

234 2766 408 2850 ploratores
431 2770 505 2830 ante
527 2765 633 2829 lucem
656 2766 687 2828 iu
705 2770 793 2828 tauta
807 2739 1045 2859 profflte
1061 2769 1235 2827 castrorum
1260 2761 1300 2824 ad

206 2873 341 2938 1h0stes
358 2873 558 2937 'deferuntur
603 2871 671 2934 Vix
698 2891 813 2954 agmen
841 2865 1053 2934 novissimum
1081 2875 1171 2934 extra
1195 2871 1342 2938 muni-s

234 2981 339 3044 tiones
361 2984 570 3063 processerat,
594 2997 666 3042 cum
692 2978 776 3042 Galli
798 2977 953 3041 cohortati
980 2978 1064 3041 inter
1087 2994 1134 3057 se,
1161 2995 1203 3040 ne
1232 2995 1301 3059 spe-

234 3091 336 3150 ratam
359 3086 509 3169 praedam
533 3105 574 3149 ex
596 3084 746 3148 manibus
762 3084 972 3148 dimitterent:
996 3084 1129 3166 longum
1147 3102 1215 3147 esse
1231 3102 1303 3165 per·

235 3193 354 3257 territis
377 3191 529 3255 Romanis
553 3191 784 3255 Germanorum
809 3191 966 3254 auxilium
992 3196 1172 3274 expectare,
1196 3193 1303 3273 neque

207 3309 327 3364 usuam
349 3301 417 3382 pati
440 3299 638 3382 dignitatem,
664 3303 702 3361 ut
724 3297 820 3360 tantis
844 3297 943 3380 copiis
971 3303 1038 3360 tam
1061 3298 1212 3380 exiguam
1235 3317 1305 3359 ma-

235 3426 313 3469 num
342 3406 528 3489 praesertim
554 3404 727 3487 fugientem
756 3409 852 3485 atque
879 3404 1064 3487 impeditam
1091 3404 1209 3466 adoriri
1237 3423 1303 3466 uon

236 3513 386 3594 audeant,
409 3511 529 3576 flumen
553 3512 687 3574 transire
711 3515 742 3573 et
764 3511 876 3594 iniquo
898 3510 969 3574 loco
991 3512 1189 3574 committere
1213 3527 1303 3592 proe-

134 3665 152 3690 .
235 3619 315 3682 hum
344 3638 409 3681 non
438 3618 592 3681 dubitant.
644 3637 725 3699 quae
756 3617 824 3680 fore
857 3618 1035 3700 suspicatus
1062 3615 1236 3698 Labienus,
1268 3621 1336 3682 uta

238 3746 348 3790 omnes
372 3726 450 3788 citra
472 3723 592 3788 flumen
616 3723 757 3806 eliceret,
786 3722 896 3787 eadem
919 3743 997 3786 usus
1021 3723 1224 3787 simulatione
1252 3724 1304 3786 iti·

326 3920 351 3974 8.
371 3919 387 3973 9
408 3919 447 3972 .V.
468 3917 616 3972 cohortium
633 3916 798 3984 praesidiofl
821 3917 830 3986 ll
856 3917 889 3970 13
908 3915 998 3974 inan'.
1151 3919 1164 3975 t
1229 3915 1237 3986 ll
1271 3919 1306 3972 15

237 4007 358 4062 consulto
377 4007 494 4073 Heriem
512 4007 540 4058 in
559 4005 667 4059 consilio
685 4005 725 4071 X;
744 4005 793 4058 del.
813 4004 841 4058 P
892 4005 893 4008 ’
1261 4005 1305 4062 19.

237 4097 272 4153 20
290 4114 343 4150 111
356 4095 443 4150 nullos
456 4094 539 4164 gallos
552 4093 653 4164 gallicis
672 4113 689 4145 α
726 4091 734 4164 d
770 4093 806 4147 ‘20
818 3916 1307 4175 ”Q

237 4186 340 4240 uocatis
355 4204 384 4252 a;
404 4183 534 4250 coactisfl
570 4181 578 4254 ll
614 4183 649 4236 sit
667 4183 744 4250 suiss
780 4181 788 4254 d
825 4180 855 4238 at
1157 4167 1221 4264 ᾗ

237 4295 255 4326 a
292 4273 301 4346 d
338 4274 380 4327 24.
401 4274 434 4328 25
453 4273 495 4326 his
513 4272 592 4325 rebus
674 4271 756 4324 elficit
774 4271 823 4324 del.
1189 4303 1195 4308 -

1015 4623 1027 4656 ἰ
1195 4623 1223 4644 ΙΙ·
