3214 4812
306 400 336 461 11

309 563 388 619 Balio
405 563 514 619 Gallico
540 563 623 634 piane
649 563 773 635 neglexi3
800 563 849 618 sed
875 563 931 618 alia
956 563 1128 618 instituenda
1153 563 1208 618 fuit
1233 565 1304 619 ratio
1329 566 1360 619 in

311 648 383 704 Belli
401 647 501 704 Ciuilis
526 647 740 704 commentariis.
775 648 812 702 In
839 647 980 703 ueteribus
1006 648 1081 703 enim
1105 648 1274 704 editionibus
1293 652 1359 704 satis

309 732 416 788 multae
432 737 547 788 exstant
563 732 704 801 lectiones,
721 749 793 804 quae
805 748 976 803 quamquam
988 748 1023 786 ex
1034 733 1231 788 recentioribus
1249 737 1360 788 tantum

308 817 451 874 codicibus
478 817 569 873 adhuc
594 817 722 888 cognitae
747 820 830 884 sunt,
847 821 941 872 tamen
968 822 1018 872 aut
1043 833 1126 872 uerae
1147 822 1198 872 aut
1214 824 1287 874 certe
1303 835 1361 874 non

309 902 392 974 plane
419 901 571 958 reiciendas
596 902 735 958 uidentur.
774 901 821 955 Ex
837 901 881 955 bis
898 916 955 956 non
973 919 1076 973 paucas
1093 919 1128 958 ex
1146 904 1266 958 uetustis
1283 903 1361 958 libris

311 1004 397 1042 manu
415 987 522 1058 scriptis
540 985 655 1041 fluxisse
672 986 767 1041 docuit
784 1001 830 1040 me
847 985 948 1042 codicis
965 987 1222 1042 Ashbumbamiani
1235 993 1263 1043 et
1273 989 1360 1059 partis

309 1071 456 1128 cuiusdam
467 1070 652 1142 antiquissimi
664 1071 766 1127 codicis
778 1071 929 1126 laurentia
942 1072 972 1126 ni
981 1073 1030 1143 (pl.
1040 1074 1083 1140 68,
1094 1073 1120 1142 8)
1130 1073 1249 1128 collatio.
1261 1073 1361 1143 Itaque

308 1171 502 1228 quaecumque
513 1161 639 1210 ueterum
650 1156 804 1212 editionum
815 1156 946 1212 lectiones
963 1157 993 1211 in
1009 1157 1213 1212 commentariis
1231 1158 1266 1213 de
1283 1158 1361 1213 Bello

311 1237 396 1297 Ciuili
422 1256 440 1295 a
465 1240 608 1295 codicibus
630 1257 649 1293 a
667 1242 712 1309 (=
728 1241 799 1309 aflai)
826 1241 1012 1312 discrepantes
1039 1237 1089 1296 au't
1115 1241 1204 1297 bonae
1221 1251 1271 1298 aut
1288 1249 1362 1299 certe

310 1342 367 1382 non
384 1325 583 1397 improbandae
600 1327 677 1380 uisae
694 1328 774 1393 sunt,
792 1325 902 1381 etiamsi
918 1340 954 1380 ex
971 1325 1049 1381 libris
1066 1343 1146 1381 macr.
1165 1327 1269 1398 petitas
1286 1332 1362 1394 sunt,

309 1427 357 1467 eas
375 1427 471 1466 omnes
489 1410 518 1464 in
536 1410 609 1464 hanc
625 1409 752 1465 tabulam
769 1410 939 1480 recipiendas
957 1411 1124 1465 existimem.
1171 1410 1306 1466 Consulto
1332 1411 1361 1464 in

309 1501 370 1552 toto
397 1511 478 1566 opere
494 1495 577 1550 omisi
594 1495 710 1549 leuiores
737 1494 873 1564 quasdam
898 1511 957 1562 res,
982 1495 1064 1550 uelut
1090 1495 1306 1565 discrepantiam
1331 1497 1362 1549 in

310 1581 427 1637 uocibus
444 1584 592 1649 ct-otque,
617 1595 793 1648 nec-neque,
817 1595 895 1633 ness-
904 1595 980 1647 neue,
1002 1581 1362 1648 confirmasse-confirmo-

309 1666 393 1733 aa'eac,
410 1664 511 1734 ii-bc',
528 1679 654 1735 quaeque
670 1668 721 1718 aut
732 1665 769 1720 ed
780 1663 1005 1736 orthographiam
1018 1681 1103 1735 quam
1114 1665 1213 1721 dicunt
1225 1666 1363 1737 pertinent

312 1756 364 1808 aut
380 1751 417 1806 ad
433 1749 583 1806 uerborum
593 1747 820 1804 conlocationem.

380 1836 453 1892 (ium
465 1835 588 1890 maxime
601 1832 732 1888 breuitati
740 1839 813 1889 esset
820 1833 999 1901 studendum,
1010 1834 1091 1890 certis
1101 1834 1268 1905 quibusdam
1277 1835 1363 1906 signis

257 1903 267 1920 ⁹
312 1921 442 1991 notisque
468 1923 628 1975 constanter
653 1934 722 1972 usus
748 1935 818 1972 sum.
855 1917 1007 1973 Steiiuia
1023 1918 1168 1974 hominum
1187 1919 1364 1990 quorundam

311 2006 456 2062 doctorum
463 2003 623 2060 nominibus
635 2002 898 2073 adposita(*Pcul,*
905 2002 1203 2072 WNr'taobs,*PHorrc,
1213 2003 1364 2073 *Emittam

311 2089 421 2157 ΨΜ)
439 2088 570 2156 indicaui,
587 2087 637 2142 hos
655 2087 730 2142 uiros
748 2091 798 2142 aut
808 2092 965 2158 praesentes
977 2092 1027 2143 aut
1043 2103 1093 2158 per
1109 2087 1216 2143 litteras
1233 2105 1276 2156 ea,
1292 2106 1363 2160 quae

311 2174 487 2238 adferuntur,
514 2189 623 2228 mecum
649 2172 876 2228 communicasse
900 2173 1000 2227 Binis
1024 2172 1182 2227 stellulis
1200 2173 1365 2244 significaui,

312 2259 486 2314 coniecturae
520 2264 660 2314 auctorem
695 2257 824 2312 arbitrari
858 2274 945 2312 unam
971 2274 1070 2313 uocem
1103 2259 1241 2326 interisse,
1276 2264 1310 2314 ut
1337 2260 1364 2327 3,

312 2344 390 2408 64,1
421 2344 594 2412 „**cohortes
619 2343 765 2409 Forcbb.“;
793 2342 903 2397 ternis
930 2342 1090 2398 stellulis
1116 2343 1257 2398 indicatur
1282 2343 1365 2414 plura

313 2428 586 2496 uerbaintsrcidisss,
603 2433 637 2482 ut
654 2427 755 2497 1‚18,3
773 2442 820 2494 „se
831 2426 1045 2482 deiecerrmt.”*
1071 2428 1168 2482 Attius
1179 2428 1272 2483 Paul“
1289 2429 1364 2485 idem

312 2512 389 2568 ualet
414 2514 489 2584 quod
516 2513 605 2581 „Pam
631 2517 725 2568 censet
749 2511 822 2566 inter
848 2527 930 2568 uoces
956 2511 1164 2568 deiecerunt
1188 2519 1217 2569 et
1241 2515 1365 2570 Attius

313 2597 396 2669 plura
412 2613 430 2652 a
446 2598 565 2653 librariis
577 2613 636 2652 esse
653 2598 780 2652 omissa“
815 2597 989 2652 Vncorum
1006 2599 1060 2653 tria
1079 2598 1136 2668 (uel
1153 2603 1299 2668 quattuor)
1317 2598 1364 2654 ad-

313 2683 393 2738 hibui
404 2699 515 2754 genera:
528 2683 587 2740 BG.
600 2683 674 2751 Il,1
688 2681 800 2752 „aiiam]
811 2681 927 2737 alteram
935 2682 1070 2752 Atracio,
1081 2683 1191 2738 Hoim.“
1202 2683 1365 2754 significare,

312 2767 343 2822 in
351 2767 429 2824 libris
437 2773 466 2823 et
474 2768 584 2838 scriptis
592 2771 621 2823 et
629 2766 710 2822 editis
719 2771 828 2822 exstare
839 2767 942 2822 aliam
954 2783 1070 2839 eamque
1081 2785 1178 2824 uocem
1188 2767 1225 2823 ab
1233 2768 1364 2823 Aimoino

314 2858 343 2908 et
360 2853 507 2909 Hotmano
532 2853 635 2908 mutari
661 2853 691 2906 in
716 2867 814 2908 uocem
838 2852 998 2920 alteram,
1024 2853 1075 2908 uix
1095 2853 1229 2923 estquod
1245 2867 1364 2906 comme·

312 2954 432 3006 morem;
444 2971 478 2978 —
491 2938 544 3007 „ab
560 2938 622 2993 aliis
639 2936 767 3009 [quaerit]
779 2937 867 3006 inps,
885 2939 974 2992 Scol.“
987 2939 1013 3006 (I
1023 2940 1065 3006 18,
1074 2939 1103 3006 2)
1119 2939 1257 3008 significat
1272 2939 1303 2992 tn
1319 2954 1363 2992 co·

312 3025 421 3080 dicibus
440 3041 501 3080 csse
518 3023 605 3079 uerba
622 3023 663 3077 ab
681 3022 762 3077 aliis
780 3023 935 3092 quaerit,
961 3023 1010 3078 sed
1036 3023 1155 3078 uerbum
1181 3022 1321 3094 quaerit
1347 3039 1365 3078 a

313 3109 409 3180 Lipsio
426 3113 455 3164 ct
472 3108 612 3179 Scaligero
628 3107 726 3173 deleri;
743 3137 775 3146 -
795 3109 872 3178 „<et>
891 3113 956 3163 ante
973 3125 1003 3163 se
1020 3108 1115 3176 assos
1132 3112 1195 3164 uait.
1207 3108 1283 3162 edd.“
1296 3108 1363 3179 (Bo.

314 3196 339 3262 1,
357 3195 400 3262 70,
416 3195 447 3262 3)
466 3192 603 3264 significat
620 3192 786 3263 particulam
803 3197 836 3246 et
852 3192 881 3246 in
899 3192 979 3248 codd.
996 3209 1015 3246 a
1031 3193 1114 3262 (asti)
1131 3193 1234 3260 deesse,
1251 3193 1318 3248 addi
1333 3194 1364 3246 in

313 3279 374 3335 cod.
387 3278 476 3334 Ashb.
495 3283 523 3332 et
539 3277 680 3332 ueteribus
697 3276 865 3332 editionibus
882 3279 1035 3348 (quattuor)
1044 3296 1052 3344 ;
1072 3278 1137 3346 ,aad
1155 3278 1299 3349 (illatum)
1317 3276 1364 3333 dc·

312 3362 431 3420 iendsrit
453 3363 561 3418 Oruoof‘
579 3361 605 3430 (I
614 3363 657 3429 44,
666 3363 693 3432 6)
711 3361 849 3432 significat
865 3363 1043 3434 participium
1069 3361 1211 3417 illatum
1231 3365 1262 3417 in
1283 3363 1362 3419 nulio

313 3449 407 3505 codice
424 3465 511 3502 manu
527 3448 631 3518 scripto
647 3446 775 3514 inueniri,
795 3447 860 3503 addi
878 3465 897 3504 a
913 3448 1072 3514 Oiacconi03
1096 3478 1130 3486 -
1156 3447 1290 3502 lunulis
1307 3449 1364 3518 pie·

313 3549 432 3604 rumque
452 3532 554 3588 inclusi
571 3548 617 3586 eas
635 3531 816 3600 coniecturae,
833 3549 903 3602 quas
920 3533 976 3604 ipsi
992 3537 1119 3588 auctores
1132 3532 1292 3588 dubitanter
1302 3549 1365 3604 pro-

313 3623 479 3690 posuerunt,
505 3622 539 3672 ut
556 3617 661 3684 v52‚1
682 3618 801 3688 ‚ineque
821 3617 911 3672 enim
935 3617 993 3673 uei
1009 3618 1128 3688 paruulo
1150 3616 1282 3685 Gracci&
1307 3634 1365 3674 non

313 3720 467 3775 numquam
483 3703 514 3758 in
530 3702 564 3757 iis
581 3702 745 3757 lectionibus
757 3718 824 3756 usus
836 3718 900 3756 sum
913 3703 957 3757 bis
969 3702 1084 3770 lunulis,
1096 3719 1166 3772 quas
1178 3719 1213 3758 ex
1225 3703 1365 3760 deteriori·

312 3788 366 3843 bus
384 3788 526 3844 codicibus
544 3787 676 3842 uidentur
697 3787 822 3842 tamisae
847 3791 953 3842 ueteres
975 3787 1108 3854 editores,
1134 3788 1214 3843 uelut
1237 3787 1286 3844 111
1295 3788 1363 3855 24,1

314 3873 401 3942 „iacis
416 3873 593 3928 instructa
614 3877 679 3928 uati.
696 3872 792 3942 cdd.)“.
811 3902 844 3910 —
862 3870 893 3928 Si
910 3887 981 3942 quae
998 3872 1154 3928 emendatio
1180 3875 1216 3930 ab
1235 3873 1365 3928 omnibus

314 3958 467 4015 editoribus
484 3963 595 4028 recepta
610 3963 661 4026 est,
690 3973 751 4012 eam
777 3956 874 4011 addito
899 3959 1022 4012 auctoris
1048 3959 1161 4012 nomine
1187 3957 1278 4028 primo
1303 3956 1365 4012 ioco

314 4042 403 4114 posui,
422 4042 528 4098 subieci
544 4043 672 4098 codicum
694 4042 876 4111 scripturam,
901 4046 935 4096 ut
951 4042 1064 4112 (11‚5):
1092 4042 1236 4110 „Oceeno,
1261 4041 1364 4096 finibus

315 4127 474 4200 Belgarum,
491 4127 605 4198 attingit
622 4129 707 4184 etiam
723 4127 799 4194 Alata
817 4143 953 4184 oceanum
971 4127 1075 4184 finibus
1087 4127 1232 4197 belgarum
1243 4125 1365 4197 attingit.
