3218 4812
341 327 383 390 88
741 339 844 396 BELLI
864 339 1006 395 GALLICI

342 505 451 568 culum
483 505 612 582 faceret,
643 503 794 566 idoneum
829 522 897 566 esse
935 502 1105 566 arbitratus
1143 500 1174 564 Ο.
1207 501 1410 565 Volusenum

315 630 415 676 acum
444 610 520 674 navi
547 610 644 693 longa
670 611 850 693 praemittit.
901 610 975 673 huic
1003 608 1146 690 mandat,
1173 615 1210 672 ut
1237 608 1412 692 exploratis

314 717 491 783 comnibus
514 716 609 780 rebus
633 716 672 780 ad
696 735 729 780 se
753 736 849 798 quam
865 717 1005 800 primum
1020 721 1206 780 revertatur.
1251 717 1319 799 ipse
1335 734 1411 778 cum

343 823 490 886 omnibus
513 824 614 906 copiis
641 824 677 886 in
698 823 840 886 Morinos
868 822 1094 906 proficiscitur,
1124 821 1209 906 quod
1237 822 1313 886 inde
1341 827 1443 888 erata

314 930 548 995 ibrevissimus
570 931 605 994 in
629 929 828 994 Britanniam
856 932 1013 995 traiectus.
1060 931 1122 994 buc
1145 948 1244 994 naves
1267 929 1412 1011 undique

342 1057 383 1102 ex
406 1038 552 1101 finitimis
575 1037 759 1121 regionibus
784 1043 815 1100 et
838 1058 933 1121 quarn
956 1038 1120 1121 superiore
1143 1041 1260 1100 aestate
1283 1037 1324 1100 ad
1345 1036 1412 1100 Ve-

315 1147 483 1212 anetieum
507 1145 627 1210 bellum
650 1145 768 1208 fecerat
791 1145 922 1208 classem
945 1144 1035 1208 iubet
1057 1146 1236 1208 convenire.
1281 1143 1411 1206 interim

343 1253 477 1316 consilio
506 1255 576 1316 eius
598 1253 730 1336 [cognito
760 1257 791 1316 et
817 1273 874 1336 per
902 1259 1093 1316 mercatores
1121 1251 1241 1335 perlato
1271 1249 1311 1314 ad
1338 1250 1410 1314 Bri-

343 1366 458 1423 tannos
487 1379 505 1422 a
533 1359 750 1442 compluribus
778 1359 903 1422 insulae
931 1358 1114 1422 civitatibus
1142 1358 1182 1422 ad
1210 1377 1285 1422 eum
1312 1357 1410 1440 legati
1428 1380 1459 1420 ro

344 1467 489 1548 veniunt,
514 1468 571 1549 qui
594 1465 804 1548 polliceantur
828 1465 955 1529 obsides
980 1466 1054 1529 dare
1078 1471 1174 1548 atque
1197 1465 1331 1548 imperio
1356 1483 1411 1546 po-

316 1575 412 1657 opuli
435 1574 572 1638 Romani
597 1573 822 1656 obtemperare.
870 1572 986 1655 quibus
1011 1573 1127 1636 auditis
1151 1571 1325 1636 liberaliter
1342 1571 1412 1654 pol·

343 1683 449 1746 licitus
472 1682 695 1763 hortatusque,
724 1682 876 1743 utinen
905 1681 1063 1744 sententia
1090 1683 1327 1762 permanerent,
1355 1697 1411 1741 eos

317 1788 475 1851 adamum
503 1788 636 1851 remittit
668 1789 700 1850 e't
727 1807 801 1850 cnm
829 1788 868 1850 iis
896 1807 961 1849 uua
994 1785 1185 1868 Commium,
1219 1805 1314 1867 quem
1343 1787 1411 1867 ipse

345 1893 550 1957 Atrebatibus
574 1895 729 1977 superatis
745 1913 854 1977 regem
869 1894 916 1957 ibi
931 1894 1152 1973 constituerat,
1177 1894 1268 1956 cuius
1293 1897 1325 1956 et
1346 1893 1409 1954 vir·
1428 1911 1457 1952 15

345 2005 446 2064 tutem
479 2006 510 2064 et
538 2001 707 2064 consilium
735 2001 888 2083 probabat
915 2005 946 2065 et
974 2020 1070 2083 quem
1098 2000 1160 2063 sibi
1186 1999 1314 2064 iidelem
1342 2017 1411 2062 esse

346 2106 555 2170 arbitrabatur
578 2109 734 2191 cariusque
763 2110 933 2172 auctoritas
956 2109 991 2170 in
1015 2108 1064 2172 his
1087 2107 1274 2190 regionibus
1303 2106 1411 2189 magni

318 2214 528 2296 shabebatur,
551 2216 655 2278 mittit.
702 2215 778 2278 huic
800 2216 950 2298 imperat,
975 2234 1053 2298 quas
1076 2216 1188 2297 possit,
1218 2214 1310 2278 adeat
1333 2214 1412 2277 civi·

346 2327 425 2386 tates
448 2323 668 2405 horteturque,
692 2327 727 2386 ut
750 2321 859 2405 populi
881 2322 1019 2386 Romani
1041 2321 1137 2386 fidem
1154 2326 1341 2404 sequantur,
1365 2340 1413 2384 se·

318 2448 409 2512 eque
433 2430 578 2493 celeriter
600 2449 638 2493 eo
663 2434 835 2493 venturum
853 2431 988 2493 nuntiet.
1034 2428 1219 2492 Volusenus
1239 2429 1412 2512 perspectis
1427 2443 1459 2486 ao

347 2535 529 2619 regionibus
559 2542 714 2619 quantum
742 2538 772 2600 ei
804 2536 964 2599 facultatis
997 2536 1066 2598 dari
1097 2536 1215 2619 potuit,
1249 2537 1304 2618 qui
1335 2535 1412 2597 navi

347 2643 515 2726 egrediac
538 2663 571 2707 se
594 2643 736 2706 barbaris
758 2645 954 2707 committere
978 2662 1043 2706 non
1069 2643 1213 2723 auderet,
1236 2641 1274 2704 V.
1300 2641 1412 2705 dicad

348 2749 514 2816 Caesarem
537 2753 708 2816 revertitur
732 2769 877 2834 quaeque
900 2750 946 2813 ibi
969 2752 1183 2832 perspexisset
1205 2750 1377 2813 renuntiat.

291 2868 327 2922 uz
435 2857 520 2923 Dum
544 2861 580 2922 in
602 2859 653 2922 his
677 2859 755 2924 locis
780 2858 895 2922 Caesar
917 2858 1047 2920 navium
1075 2856 1289 2940 parandarum
1318 2873 1442 2919 causat

346 2975 500 3049 moratur,
525 2986 565 3030 ex
588 2987 704 3050 magna
727 2970 814 3049 parte
840 2964 1038 3027 Morinorum
1067 2964 1106 3026 ad
1134 2983 1208 3027 enm
1235 2963 1332 3045 legati
1359 2982 1410 3026 ve·

347 3079 476 3155 nerunt,
502 3075 558 3155 qni
581 3093 615 3136 se
638 3074 678 3136 de
702 3073 874 3155 superioris
891 3071 1042 3154 temporis
1059 3071 1192 3134 consilio
1213 3075 1414 3150 exctrsarent,

348 3181 434 3262 quod
465 3181 611 3243 homines
645 3178 770 3242 barbari
797 3183 829 3241 ct
856 3183 982 3242 nostrae
1007 3177 1246 3242 consuetudinis
1273 3178 1413 3260 imperiti

348 3286 468 3350 bellum
495 3287 612 3369 populo
640 3285 784 3350 Romano
812 3286 973 3367 fecissent,
1002 3303 1099 3367 seque
1127 3304 1177 3366 ea,
1206 3303 1287 3366 quae
1315 3285 1447 3366 impe-a

320 3399 458 3474 orasset,
483 3393 621 3456 facturos
644 3394 879 3477 pollicerentur.
926 3392 985 3454 hoo
1008 3391 1069 3454 sibi
1093 3390 1207 3454 Caesar
1231 3392 1306 3454 satis
1323 3410 1414 3474 opor-

348 3507 423 3562 tune
447 3500 600 3564 accidisse
624 3500 808 3583 arbitratus,
833 3499 919 3582 quod
935 3517 1040 3581 neque
1056 3504 1127 3581 post
1143 3502 1267 3580 tergrmi
1291 3499 1413 3561 hostem

348 3606 526 3689 relinquere
550 3606 677 3671 volebat
695 3627 799 3690 neque
815 3607 891 3670 belli
907 3606 1039 3689 gerendi
1054 3611 1183 3689 propter
1199 3606 1275 3668 anui
1291 3609 1417 3686 tempus

437 3819 551 3888 3longa
568 3825 672 3886 nauep
703 3818 711 3886 ΗΗ
748 3818 823 3884 utip
859 3819 867 3887 ΗΗ
904 3817 1065 3871 8effecerat
1084 3836 1101 3867 a
1137 3821 1145 3883 ΗΗ
1184 3815 1217 3868 10
1236 3815 1293 3868 eius
1311 3813 1417 3881 insulae

347 3915 364 3976 β
400 3908 408 3975 ΗΗ
451 3909 482 3961 11
503 3907 689 3976 pollicerentur
706 3913 742 3974 β·
764 3907 772 3974 ΗΗ
815 3907 848 3958 14
866 3906 942 3973 hisp
978 3907 986 3974 ΗΗ
1024 3907 1056 3959 17
1076 3921 1172 3974 magna
1190 3904 1251 3971 ΜΡ
1286 3906 1295 3970 ΗΗ
1333 3904 1366 3958 19
1385 3905 1418 3956 ut

348 4015 443 4068 emp
475 3999 483 4066 ΗΗ
517 3998 558 4051 19.
578 3997 613 4052 20
631 4013 712 4066 seque
733 4014 761 4063 ας
782 4002 846 4062 sep
877 3996 886 4060 ΗΗ
920 3995 954 4050 20
972 4011 1003 4048 eo
1022 3994 1177 4061 celeriterfl
1209 3994 1217 4062 ΗΗ
1250 3994 1282 4046 21
1303 3992 1416 4062 regioni-

348 4089 397 4141 bus
415 4093 443 4155 β;
462 4086 612 4156 regionibus
632 4085 752 4140 omnibus
772 4105 790 4137 a
823 4087 831 4155 ΗΗ
863 4083 974 4138 facultas
993 4083 1044 4136 AS
1073 4084 1081 4151 ΗΗ
1109 4084 1212 4152 quiex
1232 4090 1336 4150 nauep
1398 4091 1400 4096 ’

437 4176 483 4231 22.
504 4178 517 4228 1
538 4175 611 4245 iistp
644 4177 652 4244 ΗΗ
685 4174 879 4243 tlpollieentur
898 4193 915 4225 a
938 4174 946 4244 ΗΗ
971 4173 1027 4226 Hoc
1042 4191 1071 4239 o3
1090 4173 1199 4240 Haecss
1230 4173 1238 4241 ΗΗ
1270 4173 1295 4227 6.
1316 4173 1330 4225 7
1351 4172 1419 4226 satis

349 4267 476 4334 oportune
496 4281 586 4319 caesar
603 4270 620 4332 β
