3126 4968
297 327 340 392 44
699 340 805 396 Bauli
824 341 967 396 GALLIGI

297 510 366 568 turn
399 509 454 568 est.
505 505 612 568 hostes
648 503 818 587 impeditos
854 506 956 568 nostri
990 505 1024 568 in
1056 503 1189 568 flumine
1225 505 1367 588 adgressi

269 631 449 694 smagnum
473 629 585 675 eorum
607 631 778 676 numerum
802 612 1000 690 oeciderunt3
1024 631 1082 695 per
1104 629 1214 676 eorum
1236 630 1397 695 corporae

297 719 439 801 reliquus
462 719 673 782 audacissime
688 719 823 782 transire
840 723 992 782 conantes
1006 717 1215 782 multitudine
1230 717 1368 782 telorum

299 825 506 908 reppulerunt
520 827 713 908 primosque,
726 827 783 908 qui
798 827 999 904 transierant,
1011 827 1156 908 equitatu
1169 827 1368 890 sucumven-

269 957 284 998 4
297 938 347 996 tos
362 932 597 996 interfecerunt.
632 933 748 1014 hostes,
760 933 817 996 ubi
833 932 916 996 etde
929 933 1272 1016 expugnandooppido
1285 932 1368 996 etde

297 1040 430 1104 flumine
454 1041 648 1104 transeundo
669 1059 759 1124 spem
782 1059 815 1103 se
838 1039 988 1104 fefellisse
1012 1040 1239 1104 intellexerunt
1261 1058 1367 1124 neque

298 1153 423 1211 nostros
454 1149 489 1210 in
521 1147 627 1210 losum
660 1149 855 1229 iniquiorem
890 1145 1040 1230 progredi
1073 1146 1239 1230 pugnandi
1272 1166 1368 1210 cama
1381 1169 1410 1212 ro

297 1255 449 1320 viderunt
487 1260 581 1337 atque
619 1256 706 1337 ipsos
744 1273 795 1317 res
834 1254 1043 1318 frumentaria
1081 1253 1216 1318 deficere
1255 1254 1368 1336 eoepit,

298 1361 434 1426 coneilio
467 1367 640 1424 convocato
673 1362 910 1426 constituerunt
946 1363 1102 1444 optimum
1134 1379 1203 1425 esse
1237 1360 1368 1425 domum

299 1488 390 1532 suam
414 1488 573 1551 quemque
595 1470 727 1550 reverti,
756 1475 788 1532 et
816 1487 953 1551 quorum
980 1469 1016 1532 in
1038 1467 1119 1532 fines
1142 1468 1283 1550 primum
1305 1467 1368 1530 Ro·

298 1576 386 1638 mani
409 1577 587 1640 exereitum
609 1574 875 1657 introduxissent,
900 1576 940 1638 ad
964 1594 1019 1638 eos
1035 1574 1251 1639 defendendos
1274 1573 1368 1638 undi-

300 1702 362 1765 que
386 1683 608 1764 convenirent,
632 1687 669 1744 ut
683 1683 789 1764 potius
813 1684 847 1744 in
863 1683 930 1745 suis
947 1701 1043 1764 quem
1066 1683 1100 1744 in
1122 1681 1234 1745 alienis
1248 1680 1367 1744 finibus
1382 1702 1409 1744 15

300 1789 498 1853 decertarent
513 1794 544 1852 et
560 1789 743 1854 domesticis
759 1790 859 1872 copiis
874 1790 921 1852 rei
943 1789 1170 1853 frumentariae
1194 1793 1368 1854 uterentur.

272 1896 340 1959 aad
363 1916 432 1960 eam
458 1897 647 1959 sententiam
671 1916 745 1959 eum
768 1896 901 1978 reliquis
917 1897 1021 1960 causis
1041 1896 1120 1960 haee
1144 1914 1273 1978 quoque
1288 1895 1368 1958 ratio

300 2022 355 2068 eos
372 2003 518 2083 deduxit,
543 2002 628 2084 quod
644 2001 846 2066 Diviciaaum
870 2008 965 2084 atque
985 2001 1139 2066 Haeduos
1161 2001 1281 2066 finibus
1295 2001 1369 2066 Bel-

300 2111 485 2172 lovaoorum
509 2108 764 2192 adpropinquare
788 2115 1010 2192 cognoverant.
1038 2110 1090 2172 his
1112 2109 1311 2193 persuaderi,
1334 2113 1370 2172 ut

270 2217 423 2320 b,diritius
434 2221 635 2280 morarentur
647 2236 751 2299 neque
764 2218 831 2280 suis
848 2217 1004 2280 similium
1020 2216 1146 2298 ferrent,
1160 2235 1227 2278 non
1237 2221 1368 2299 poterat.
1383 2235 1411 2278 ao

247 2337 281 2389 11
300 2322 348 2386 Ea
370 2342 405 2386 re
429 2325 600 2386 constituta
623 2323 763 2386 seoimda
784 2323 895 2406 vigilia
917 2344 1033 2406 magno
1066 2343 1141 2386 oum
1172 2324 1306 2407 strepitu
1333 2342 1397 2386 aar

302 2431 442 2494 tumultu
466 2432 577 2493 castris
601 2432 720 2513 egressi
742 2430 831 2494 nullo
856 2436 941 2495 certo
964 2430 1075 2494 ordine
1098 2449 1204 2511 neque
1228 2431 1370 2513 imperia,

302 2557 376 2600 eum
400 2537 460 2600 sibi
477 2539 612 2618 quisque
627 2539 767 2619 primum
790 2539 913 2603 itineris
933 2537 1041 2602 locum
1056 2542 1177 2620 peteret
1192 2541 1223 2599 et
1239 2537 1370 2600 domum

300 2645 467 2727 pervenire
494 2649 692 2727 properaret,
723 2644 880 2724 fecerunt,
913 2651 948 2707 ut
975 2644 1149 2708 consimilis
1176 2642 1271 2726 fugae
1298 2663 1371 2726 pro-

274 2752 393 2815 2feotio
421 2751 591 2816 rideretur.
640 2752 699 2815 hae
726 2771 761 2815 re
790 2753 895 2815 statim
925 2750 1039 2815 Caesar
1071 2769 1126 2834 per
1158 2751 1398 2834 speculatoress

302 2861 429 2942 cognita
450 2858 583 2922 insidias
606 2861 741 2941 verituS,
775 2859 862 2940 quod
896 2879 960 2941 qua
988 2859 1027 2922 de
1052 2877 1148 2921 eausa
1172 2857 1371 2921 diseederent

301 2967 445 3029 nonduin
467 2972 686 3050 perspexerat,
709 2968 884 3030 exercitum
900 2967 1142 3046 equitatumque
1163 2965 1273 3027 eastris
1296 2982 1371 3028 ouu-

274 3074 405 3135 atinuit.
451 3075 553 3156 prima
575 3073 647 3136 luce
664 3072 851 3136 confirmata
865 3092 900 3136 re
916 3072 955 3136 ab
973 3072 1227 3155 exploratoribus
1244 3089 1372 3134 omnem

302 3182 493 3262 equitatum,
531 3182 587 3262 qui
619 3181 830 3246 novissimum
867 3199 981 3262 agmen
1013 3185 1204 3262 moraretur,
1236 3179 1372 3262 praemi-

302 3289 350 3351 sit.
397 3287 447 3350 his
476 3285 511 3362 Q.
535 3286 671 3350 Pedium
701 3292 731 3350 et
758 3285 791 3349 L.
820 3286 1077 3350 Aurunculeium
1106 3285 1226 3349 Cottam
1250 3286 1371 3369 legatos
1385 3303 1413 3345 10

302 3395 466 3478 praefecit3
499 3394 530 3456 Τ.
559 3392 738 3457 Labienum
773 3393 914 3475 legatum
947 3412 1020 3455 eum
1057 3393 1237 3476 legionibus
1269 3393 1372 3456 tribus

275 3501 457 3584 tsubsaqui
494 3502 595 3564 iussit.
642 3501 676 3563 hi
713 3501 905 3564 novissimos
944 3499 1046 3563 adorti
1084 3505 1116 3563 et
1151 3500 1253 3562 multa
1284 3499 1373 3563 milia

285 3627 455 3690 'passuum
483 3609 642 3691 prosecuti
670 3627 820 3691 magnam
847 3606 1086 3671 multitudinem
1114 3627 1225 3670 eorum
1247 3606 1372 3688 fugien-

303 3717 382 3778 tium
407 3716 629 3795 ooneiderunt,
652 3735 726 3778 eum
749 3715 788 3778 ab
814 3720 955 3778 extremo
980 3716 1120 3797 agmine,
1144 3712 1184 3775 ad
1200 3731 1280 3793 quos
1295 3731 1371 3775 ven-

394 3909 580 3977 iprimosque
597 3916 625 3976 βς
644 3909 743 3977 primos
763 3927 780 3960 o
812 3909 821 3972 ΙΙ
853 3909 980 3962 9seserr
1011 3907 1021 3974 ll
1053 3908 1086 3960 12
1100 3906 1289 3974 oonoilioEf²3
1309 3922 1371 3960 eou-

305 3997 363 4050 silio
381 3998 412 4050 X
441 3997 450 4065 ll
483 3999 524 4049 14.
547 3999 579 4050 15
598 3998 724 4067 utiquep
757 3998 765 4066 ll
799 3999 831 4050 15
851 3997 992 4050 conuenire
1007 3996 1097 4064 Stepla.
1130 3997 1138 4064 ll
1172 3996 1205 4049 18
1218 3995 1372 4048 diuitiarum

304 4101 409 4155 quoque
427 4085 490 4152 13²ss

395 4177 439 4229 11.
461 4175 494 4229 10
512 4173 554 4227 his
574 4193 603 4241 ας
632 4175 708 4243 eique
730 4175 792 4241 13²ss
833 4177 841 4244 ll
882 4174 986 4240 Qum.
1010 4174 1110 4243 a¹(f¹.9)
1152 4174 1160 4242 ll
1201 4174 1231 4227 L.
1251 4170 1372 4244 amasii

306 4268 337 4320 11
357 4265 384 4318 Τ.
405 4271 493 4331 anast
