3218 4812
575 327 683 382 Lffluu
699 327 761 382 VII.
782 325 857 381 CAP.
878 327 998 382 20—23.
1256 312 1319 374 173

219 491 449 571 revertebant,
479 510 557 573 quas
586 510 659 553 cum
688 491 936 570 destinaverant,
969 491 1135 552 tormentis
1163 491 1320 553 introrsus

250 596 460 678 reducebant,
485 603 517 660 61
540 615 688 680 aggerem
712 597 870 659 cuniculis
893 595 1135 677 subtrahebant,
1160 596 1320 659 6666166-

250 706 328 785 tius,
357 704 442 786 quod
467 703 551 786 apud
579 721 633 766 eos
660 721 793 786 magnae
822 707 897 766 sunt
923 703 1073 766 ferrariae
1102 708 1196 784 atque
1226 721 1320 765 omne

250 830 353 894 genus
385 811 610 874 cuniculorum
642 815 752 873 notum
789 815 883 892 atque
920 811 1074 874 usitatum
1106 814 1161 873 est.
1218 813 1348 874 totuma

251 923 358 981 autem
385 937 514 980 murum
546 935 588 979 ex
621 918 707 980 omni
739 921 830 999 parte
863 916 1004 979 turribus
1036 916 1321 979 contabulaverant

209 1030 348 1106 roatque
372 1024 428 1086 has
451 1025 546 1086 coriis
569 1025 759 1086 intexerent.
807 1029 876 1086 turn
901 1022 1020 1086 crebris
1044 1023 1169 1086 diurnis
1193 1028 1348 1087 noctur-r

251 1133 367 1212 nisque
392 1131 613 1213 eruptionibus
641 1135 697 1192 aut
719 1131 826 1214 aggeri
849 1130 957 1213 ignem
980 1129 1158 1193 inferebant
1186 1134 1240 1192 aut
1262 1130 1322 1191 mi-

251 1239 324 1301 lites
348 1243 516 1320 occupatos
540 1238 575 1299 in
591 1255 683 1319 opere
700 1237 925 1300 adoriebantur
941 1241 973 1300 et
987 1241 1168 1299 nostrarum
1183 1237 1320 1298 turrium

252 1343 468 1424 altitudinem,
502 1349 657 1425 quantum
689 1344 745 1407 has
778 1343 957 1406 cotidianus
990 1362 1086 1426 agger
1113 1347 1321 1425 expresserat,

253 1447 430 1514 commissis
455 1469 586 1513 suarum
608 1451 746 1512 turrium
769 1450 861 1512 malis
885 1449 1118 1532 adaequabant,
1142 1454 1174 1513 61
1198 1454 1348 1531 apertcss

210 1580 238 1620 15
254 1558 419 1620 cuniculos
442 1562 590 1638 praeusta
613 1563 646 1620 et
667 1562 838 1639 praeacuta
860 1557 992 1618 materia
1016 1563 1047 1619 et
1070 1558 1138 1638 pice
1152 1556 1323 1618 fervefacta

151 1745 155 1753 ¹
254 1670 285 1727 et
307 1665 441 1727 maximi
463 1664 612 1747 ponderis
635 1665 721 1727 saxis
739 1663 947 1726 morabantur
963 1663 1194 1745 moenibusque
1210 1661 1322 1745 adpro-

226 1772 409 1853 1pinquare
437 1769 656 1853 prohibebant.
712 1770 798 1832 Muri
833 1775 940 1832 autem
973 1787 1084 1832 omnes
1118 1769 1231 1832 Gallici
1262 1769 1376 1838 116663

252 1878 318 1940 fere
341 1877 443 1940 forma
466 1881 549 1939 sunt.
596 1876 700 1939 trabes
724 1877 869 1939 derectae
892 1881 1063 1958 perpetuae
1090 1877 1125 1938 in
1148 1876 1322 1958 longitudi-

252 2003 329 2047 nem
352 1983 483 2067 paribus
506 1984 684 2047 intervallis
709 1983 862 2046 distantes
890 1985 972 2047 inter
996 2003 1029 2046 se
1052 1983 1146 2046 binos
1169 1984 1266 2065 pedes
1288 1983 1323 2044 in

254 2092 321 2154 solo
355 2091 569 2154 conlocantur.
627 2091 686 2153 hae
717 2091 939 2154 revinciuntur
970 2092 1127 2154 introrsus
1160 2096 1191 2153 et
1222 2089 1351 2154 multoa

223 2217 369 2281 caggere
401 2199 597 2277 restinctum
633 2215 670 2260 ea
702 2203 821 2280 autem,
855 2217 936 2280 quae
970 2198 1124 2278 diximus,
1156 2197 1324 2260 interualla

253 2304 428 2388 grandibus
451 2307 485 2366 in
508 2305 612 2367 fronte
636 2306 723 2368 saxis
747 2306 961 2369 eflerciuntur.
1012 2306 1061 2367 his
1091 2305 1264 2367 conlocatis
1292 2309 1351 2369 eta

254 2413 480 2495 coagmentatis
513 2412 594 2474 alius
627 2413 758 2495 insuper
786 2413 862 2475 ordo
894 2413 1033 2495 additur,
1066 2416 1103 2475 ut
1130 2411 1215 2474 idem
1242 2411 1322 2474 illud

254 2519 459 2583 intervallum
481 2523 627 2581 servetur
642 2537 748 2599 neque
772 2519 906 2582 interae
922 2521 1108 2602 contingant
1131 2518 1244 2599 trabea,
1268 2519 1324 2582 sed

255 2625 385 2708 paribus
412 2627 602 2688 intermissis
635 2627 745 2707 spatiis
772 2627 917 2708 singulae
946 2626 1080 2710 singulis
1109 2627 1195 2689 saxis
1227 2626 1324 2688 inter-

213 2733 346 2795 reiectis
370 2738 437 2795 arte
461 2732 692 2794 contineantur.
739 2733 785 2794 sic
802 2732 951 2814 deinceps
968 2751 1060 2796 omne
1085 2752 1164 2814 opus
1181 2733 1351 2796 contexi-r

256 2843 321 2917 tur,
345 2838 423 2900 dum
445 2840 530 2900 iusta
552 2840 636 2900 muri
660 2839 794 2901 altitudo
819 2840 993 2921 expleatur.
1033 2838 1181 2900 boccum
1205 2840 1237 2900 in
1255 2857 1351 2921 spe-n

256 2946 338 3007 ciem
361 2946 611 3027 varietatemque
635 2964 714 3027 opus
731 2944 871 3008 deforme
890 2964 956 3007 non
972 2949 1020 3008 est
1035 2946 1165 3008 alternis
1182 2945 1325 3008 trabibus

256 3070 293 3113 ac
315 3052 415 3132 saxis,
440 3070 521 3132 quac
545 3054 640 3114 rectis
662 3052 757 3115 lineis
781 3071 856 3114 suos
880 3052 1008 3115 ordines
1028 3057 1168 3134 servant,
1192 3057 1262 3114 tum
1285 3052 1325 3114 ad

257 3157 426 3221 utilitatem
450 3162 482 3221 et
506 3159 724 3221 defensionem
749 3158 877 3221 urbium
901 3179 1059 3222 summam
1079 3159 1174 3223 habet
1197 3163 1326 3242 oportu-

215 3265 402 3344 lenitatem,
426 3264 513 3347 quod
537 3271 569 3328 et
591 3266 629 3327 ab
654 3265 803 3328 incendio
831 3266 911 3348 lapis
940 3273 971 3330 et
999 3267 1038 3330 ab
1067 3268 1164 3330 ariete
1193 3267 1326 3329 materia

348 3511 381 3566 10
400 3511 519 3579 crebrip
561 3513 569 3580 11
612 3513 645 3564 12
664 3513 691 3564 in
710 3529 788 3580 opere
813 3517 989 3582 occupatosfl
1030 3519 1038 3581 Η
1081 3512 1325 3582 1361111611611111

259 3600 471 3654 laetisonae.
514 3602 522 3668 lt
565 3603 673 3654 14-11
698 3605 725 3655 61
748 3605 853 3670 apertos
875 3643 1129 3656 ...............
1155 3602 1327 3670 prohibebant

256 3707 353 3759 onae

346 3796 392 3851 23.
414 3798 437 3848 1.
458 3797 474 3848 2
493 3795 576 3850 Muris
595 3800 685 3850 autem
705 3797 827 3852 omnibus
847 3799 947 3869 gallicis
965 3800 1031 3852 haec
1050 3800 1104 3852 1616
1122 3800 1206 3852 sonna
1224 3801 1265 3852 cat
1283 3806 1300 3866 β
1319 3798 1327 3870 d

258 3886 275 3936 ‘2
297 3888 441 3953 perpetuae
464 3885 504 3953 X3
532 3886 600 3938 XIV
618 3888 715 3955 pedum
739 3888 811 3956 RMy
843 3890 852 3957 11
885 3891 902 3941 4
924 3890 974 3942 baa
998 3888 1181 3942 reuinciuntur
1205 3907 1239 3955 rr,
1267 3905 1327 3942 aere

258 3974 411 4027 uinciuntur
431 3974 520 4045 80¹³&
544 3975 622 4028 haere
646 3976 781 4030 uiciuntur
800 3977 900 4045 AQ⁵B3
924 3993 985 4032 aere
1004 3977 1139 4031 uiciuntur
1158 3977 1192 4030 M
1197 3979 1204 4007 ¹
1241 3979 1250 4042 11
1286 3978 1327 4028 in-

257 4066 360 4116 trorsus
379 4065 435 4130 nl²3
455 4069 591 4118 extrorsus
611 4065 672 4118 abib
704 4071 713 4132 11
745 4066 929 4134 6116616161
960 4072 969 4135 ll
1002 4067 1174 4120 offarciuntur
1193 4085 1229 4119 ua
1262 4067 1270 4134 11
1302 4067 1327 4120 6.

258 4153 274 4203 7
295 4155 321 4205 61
340 4154 510 4221 coagminatis
529 4155 719 4222 coagmentatis
739 4175 756 4205 a
789 4158 797 4219 11
829 4156 1018 4210 9intermissis
1032 4157 1073 4223 o¹;
1094 4157 1260 4210 intermissae
1274 4155 1303 4208 X
1320 4153 1327 4225 Η

261 4243 291 4293 11
312 4242 475 4311 compleatur
492 4250 509 4310 β
