3214 4812
287 391 350 454 236
687 403 791 460 BELLI
811 405 953 460 GALLIOI

286 571 320 631 in
348 569 451 631 vicem
478 569 644 652 praesidio.
690 573 759 632 turn
787 573 917 652 repente
951 569 1110 632 confertae
1142 569 1285 652 legiones
1318 569 1353 631 in

259 681 492 758 aconspectum
515 676 654 739 hostium
677 677 820 740 veniunt.
860 674 977 757 quibus
996 677 1072 739 visis
1095 675 1258 758 perculsae
1283 674 1353 738 bar-

287 781 436 845 barorum
468 787 591 846 turmae
625 801 661 844 ac
688 783 855 865 perterrita
887 783 970 846 acies
1000 782 1139 846 hostium
1170 782 1383 865 perturbatos

286 888 586 973 impedimentorum
609 889 736 972 agmine
759 908 875 971 magno
899 889 1036 952 clamore
1054 889 1264 970 discursuque
1282 908 1353 972 pas-

258 997 348 1059 asim
370 995 464 1079 fugae
488 1015 521 1060 se
544 996 703 1058 mandant.
742 1000 774 1059 at
796 995 896 1058 nostri
921 997 1057 1078 equiteS,
1081 996 1137 1076 qui
1161 995 1256 1079 paulo
1281 1000 1353 1059 ante

287 1121 360 1165 oum
380 1102 599 1166 resistentibus
621 1103 790 1166 fortissime
814 1101 1037 1185 conflixerant,
1061 1102 1182 1166 laetitia
1201 1103 1353 1166 victoriae

287 1210 362 1273 elati
384 1229 500 1292 magno
524 1209 666 1292 undique
691 1209 827 1273 clamore
856 1209 980 1273 sublato
1009 1209 1195 1275 cedentibus
1218 1210 1353 1274 circum-

286 1315 362 1397 fusi,
391 1320 546 1398 quantum
571 1334 726 1397 equorum
749 1317 834 1380 vires
862 1315 903 1378 ad
925 1316 1184 1399 persequendum
1208 1316 1353 1380 dextrae·
1367 1337 1397 1380 ro

288 1441 350 1505 que
373 1423 414 1484 ad
438 1422 633 1486 caedendum
649 1422 770 1504 valent,
793 1427 917 1486 tantum
941 1441 978 1486 eo
1002 1422 1123 1506 proelio
1147 1421 1352 1486 interficiunt

260 1529 396 1611 litaque
424 1529 560 1612 amplius
587 1528 717 1592 milibus
745 1527 812 1592 XII
842 1535 898 1593 aut
925 1535 1118 1593 armatorum
1151 1534 1206 1592 aut
1234 1548 1353 1611 eorum,

288 1637 344 1719 qui
368 1637 481 1699 timore
504 1656 592 1700 arma
614 1637 825 1719 proiecerant,
853 1636 1028 1700 interfectis
1057 1637 1159 1700 omnis
1183 1635 1354 1699 multitudo

287 1744 410 1826 capitur
432 1743 742 1827 impedimentorum.

231 1863 269 1918 30
387 1848 456 1924 Qua
489 1870 530 1914 ex
561 1851 637 1933 iuga
669 1870 742 1913 cum
775 1855 934 1914 constaret
965 1849 1155 1934 Drappetem
1188 1850 1381 1930 Senonem,1

288 1957 358 2038 qui,
386 1963 422 2020 ut
448 1958 589 2041 primum
618 1956 773 2022 deiecerat
806 1957 921 2039 Gallia,
950 1957 1090 2020 collectis
1120 1956 1261 2039 undique
1285 1975 1354 2039 per-

288 2063 362 2126 ditis
395 2063 593 2146 hominibus,
626 2065 727 2128 servis
759 2064 798 2126 ad
830 2063 1006 2128 libertatem
1035 2065 1168 2146 vocatis,
1201 2063 1354 2128 exulibus

288 2172 432 2233 omnium
451 2172 615 2233 civitatum
634 2171 753 2252 ascitis,
777 2171 913 2254 receptis
931 2170 1109 2240 latronibus
1127 2170 1355 2253 impedimenta

288 2282 320 2340 et
342 2283 537 2341 commeatus
559 2277 776 2340 Romanorum
799 2279 1021 2360 interceperat,
1049 2297 1114 2340 non
1139 2278 1276 2361 amplius
1299 2277 1384 2340 hoe

288 2384 411 2446 minum
431 2384 555 2448 duobus
573 2384 704 2448 milibus
723 2403 764 2447 ex
782 2385 858 2467 fuga
877 2385 1016 2448 collectis
1031 2385 1229 2467 provinciam
1248 2389 1354 2467 petere

288 2509 416 2572 unaque
445 2491 614 2554 consilium
643 2509 716 2554 cum
744 2509 781 2554 eo
809 2491 993 2554 Lucterium
1018 2490 1198 2554 Cadurcum
1225 2491 1354 2574 cepisse,

289 2616 385 2679 quem
420 2599 584 2681 superiore
620 2599 846 2661 commentario
883 2599 986 2681 prima
1023 2598 1198 2662 defectione
1234 2597 1353 2662 Galliae

287 2704 390 2767 facere
426 2705 461 2767 in
497 2705 696 2788 provinciam
731 2705 870 2768 voluisse
908 2707 1062 2789 impeturn
1099 2707 1261 2787 cognitum
1298 2710 1354 2784 est,

260 2811 442 2875 adaninius
474 2812 598 2896 legatus
630 2833 703 2876 cum
736 2802 860 2875 duabus
887 2812 1066 2895 legionibus
1099 2814 1139 2875 ad
1168 2832 1221 2876 eos
1248 2831 1353 2896 perse·
1368 2829 1399 2872 ro

289 2919 433 3002 queudos
461 2919 636 3000 contendit,
661 2939 703 2984 ne
732 2919 920 2983 detrimento
949 2925 1003 2982 aut
1030 2920 1144 2983 timore
1171 2921 1354 3003 provinciae

287 3045 403 3108 magna
425 3026 555 3089 infamia
578 3026 774 3109 perditorum
798 3027 965 3089 hominum
987 3026 1163 3089 latrociniis
1181 3033 1353 3109 caperetur.

233 3131 321 3198 310.
346 3131 463 3195 Fabius
496 3152 568 3195 curn
600 3133 724 3216 reliquo
752 3133 897 3197 exercitu
925 3133 958 3194 in
987 3131 1142 3196 Carnutes
1170 3139 1381 3216 ceterasquer

288 3227 499 3322 proficiscitur
518 3240 678 3321 civitates,
697 3259 832 3321 quarum
852 3258 889 3302 eo
908 3240 1041 3322 proelio,
1061 3239 1146 3322 quod
1166 3260 1239 3303 cum
1255 3238 1354 3303 Dum-

377 3434 392 3487 3
412 3433 478 3486 Tum
499 3433 547 3499 δβς
567 3431 634 3485 Cum
654 3451 671 3484 a
697 3433 706 3499 ΙΙ
732 3433 747 3486 5
767 3448 797 3486 ac
811 3449 863 3486 om.
879 3433 916 3506 Sp
941 3435 950 3502 ll
976 3433 1115 3501 perterrita
1129 3433 1177 3500 ὅρη
1200 3435 1355 3501 perterritae

288 3543 305 3575 a
338 3523 346 3592 ll
379 3522 517 3592 dagmine
536 3522 784 3590 impedimentorum
804 3523 842 3589 Sp
873 3523 882 3592 11
914 3539 1009 3592 magno
1028 3540 1080 3576 om.
1096 3523 1133 3589 Sp
1165 3523 1173 3592 ll
1206 3524 1355 3592 iselugae

289 3613 326 3679 Sp
361 3615 370 3682 ΙΙ
408 3613 440 3665 12
460 3611 531 3665 .XII.
554 3611 602 3678 Sp3
626 3626 752 3679 passuum
773 3612 910 3666 duodecim
930 3631 947 3663 a
984 3613 992 3681 ll
1029 3615 1076 3666 aut
1094 3612 1197 3681 parius)
1217 3629 1269 3664 om.
1291 3613 1328 3680 Sp
1346 3611 1357 3684 ll

289 3703 322 3755 13
340 3702 434 3755 timore
455 3702 502 3768 Spu
522 3717 552 3754 eo
571 3703 689 3769 tempore
708 3719 738 3768 ας
757 3717 788 3754 co
806 3701 900 3754 timore
919 3701 1005 3770 Nipp.

376 3792 422 3846 30.
438 3793 451 3843 1
466 3792 586 3858 draptem
600 3790 821 3861 (d1·aptep)(S)fl;
839 3790 928 3857 Oros.;
943 3791 986 3858 (in
997 3792 1020 3845 S
1030 3807 1136 3860 semper
1148 3791 1205 3858 sere
1217 3793 1332 3859 oraptes)
1346 3790 1357 3862 b

289 3880 312 3932 3.
332 3881 349 3931 4
368 3879 490 3932 exulibus
514 3879 635 3932 omnibus
657 3879 775 3933 omnium
800 3879 837 3945 Sp
872 3879 881 3946 ll
916 3880 1101 3933 dciuitatinm
1126 3881 1183 3934 Sala
1219 3881 1228 3950 11
1264 3880 1357 3934 ascitis

288 3985 340 4020 om.
359 3967 419 4019 ΒΜ
446 3969 454 4034 ΙΙ
486 3967 631 4020 latrociniis
649 3967 708 4020 BM
736 3969 744 4036 ll
781 3968 954 4021 boomitatus
975 3969 1012 4034 Sd
1046 3969 1055 4036 ll
1090 3971 1228 4024 dduobus
1247 3969 1358 4024 milibus

288 4073 303 4109 e
322 4056 384 4124 iuga
403 4057 452 4122 Spe
471 4056 574 4109 duobus
593 4056 697 4110 milibus
715 4073 750 4109 ex
768 4057 831 4125 iuga
848 4057 965 4125 quinque
979 4075 1012 4126 χ;
1030 4057 1137 4112 milibus
1155 4076 1190 4112 ex
1202 4061 1265 4130 iuga
1277 4061 1355 4129 quin-

288 4161 380 4214 quecp
412 4144 420 4213 ΙΙ
452 4145 514 4198 9in
533 4144 664 4212 prouintia
682 4145 812 4213 impeturn
830 4144 947 4200 uoluisse
967 4147 1005 4212 Sp
1036 4147 1044 4215 ll
1079 4147 1112 4201 10
1130 4147 1255 4202 Caninius
1275 4168 1304 4217 a,
1325 4149 1355 4203 C.

287 4234 409 4288 antonius
430 4233 467 4301 Sp}
498 4234 507 4303 ll
539 4249 600 4286 eum
618 4233 766 4301 legionibus
785 4234 887 4287 duabus
901 4235 982 4304 χΒΜ

375 4323 642 4381 antemnas
670 4324 679 4392 ll
712 4323 735 4376 2.
756 4324 772 4376 3
791 4324 917 4378 domnaco
938 4325 994 4397 Spa
