<?xml version="1.0" encoding="UTF-8"?>
<!DOCTYPE html PUBLIC "-//W3C//DTD XHTML 1.0 Transitional//EN"
    "http://www.w3.org/TR/xhtml1/DTD/xhtml1-transitional.dtd">
<html xmlns="http://www.w3.org/1999/xhtml" xml:lang="en" lang="en">
 <head>
  <title>
</title>
<meta http-equiv="Content-Type" content="text/html;charset=utf-8" />
  <meta name='ocr-system' content='tesseract 3.04.00' />
  <meta name='ocr-capabilities' content='ocr_page ocr_carea ocr_par ocr_line ocrx_word'/>
</head>
<body>
  <div class='ocr_page' id='page_1' title='image "./ciuliicaesarisb04meusgoog_0233.png"; bbox 0 0 3214 4812; ppageno 0'>
   <div class='ocr_carea' id='block_1_1' title="bbox 323 319 989 387">
    <p class='ocr_par' dir='ltr' id='par_1_1' title="bbox 323 319 989 387">
     <span class='ocr_line' id='line_1_1' title="bbox 323 319 989 387; baseline 0.011 -7"><span class='ocrx_word' id='word_1_1' title='bbox 323 319 387 381; x_wconf 76' lang='grc'>214</span> <span class='ocrx_word' id='word_1_2' title='bbox 722 331 828 386; x_wconf 82' lang='lat' dir='ltr'>BELLI</span> <span class='ocrx_word' id='word_1_3' title='bbox 847 332 989 387; x_wconf 77' lang='lat' dir='ltr'><strong>GALLICI</strong></span> 
     </span>
    </p>
   </div>
   <div class='ocr_carea' id='block_1_2' title="bbox 270 496 1434 3358">
    <p class='ocr_par' dir='ltr' id='par_1_2' title="bbox 270 496 1434 3358">
     <span class='ocr_line' id='line_1_2' title="bbox 296 496 1413 588; baseline 0.001 -28"><span class='ocrx_word' id='word_1_4' title='bbox 296 497 417 560; x_wconf 84' lang='lat' dir='ltr'>ationis</span> <span class='ocrx_word' id='word_1_5' title='bbox 450 514 545 559; x_wconf 89' lang='lat' dir='ltr'>eausa</span> <span class='ocrx_word' id='word_1_6' title='bbox 576 499 753 588; x_wconf 89' lang='lat' dir='ltr'>paraverat,</span> <span class='ocrx_word' id='word_1_7' title='bbox 785 496 911 578; x_wconf 79' lang='lat' dir='ltr'><strong>profert.</strong></span> <span class='ocrx_word' id='word_1_8' title='bbox 958 502 1119 580; x_wconf 88' lang='lat' dir='ltr'>pugnatur</span> <span class='ocrx_word' id='word_1_9' title='bbox 1151 517 1214 560; x_wconf 90' lang='lat' dir='ltr'>uno</span> <span class='ocrx_word' id='word_1_10' title='bbox 1248 501 1413 580; x_wconf 81' lang='lat' dir='ltr'>tempore&#39;</span> 
     </span>
     <span class='ocr_line' id='line_1_3' title="bbox 324 602 1418 687; baseline 0.003 -21"><span class='ocrx_word' id='word_1_11' title='bbox 324 602 473 666; x_wconf 90' lang='lat' dir='ltr'>omnibus</span> <span class='ocrx_word' id='word_1_12' title='bbox 496 603 575 666; x_wconf 90' lang='lat' dir='ltr'>locis</span> <span class='ocrx_word' id='word_1_13' title='bbox 595 606 690 685; x_wconf 88' lang='lat' dir='ltr'>atque</span> <span class='ocrx_word' id='word_1_14' title='bbox 711 603 818 664; x_wconf 89' lang='lat' dir='ltr'>omnia</span> <span class='ocrx_word' id='word_1_15' title='bbox 837 606 1045 685; x_wconf 74' lang='lat' dir='ltr'>temptantur,</span> <span class='ocrx_word' id='word_1_16' title='bbox 1071 623 1153 687; x_wconf 90' lang='lat' dir='ltr'>quae</span> <span class='ocrx_word' id='word_1_17' title='bbox 1173 605 1305 668; x_wconf 91' lang='lat' dir='ltr'>minime</span> <span class='ocrx_word' id='word_1_18' title='bbox 1321 605 1418 669; x_wconf 77' lang='lat' dir='ltr'>visas</span> 
     </span>
     <span class='ocr_line' id='line_1_4' title="bbox 296 707 1390 792; baseline 0.001 -19"><span class='ocrx_word' id='word_1_19' title='bbox 296 728 396 792; x_wconf 84' lang='lat' dir='ltr'>apars</span> <span class='ocrx_word' id='word_1_20' title='bbox 410 707 501 770; x_wconf 87' lang='lat' dir='ltr'>firma</span> <span class='ocrx_word' id='word_1_21' title='bbox 521 713 580 792; x_wconf 87' lang='lat' dir='ltr'>est,</span> <span class='ocrx_word' id='word_1_22' title='bbox 603 709 666 772; x_wconf 91' lang='lat' dir='ltr'>huc</span> <span class='ocrx_word' id='word_1_23' title='bbox 686 709 892 773; x_wconf 77' lang='lat' dir='ltr'>concurritur.</span> <span class='ocrx_word' id='word_1_24' title='bbox 931 707 1149 773; x_wconf 87' lang='lat' dir='ltr'>Romanorum</span> <span class='ocrx_word' id='word_1_25' title='bbox 1164 729 1279 774; x_wconf 89' lang='lat' dir='ltr'>manus</span> <span class='ocrx_word' id='word_1_26' title='bbox 1295 712 1390 774; x_wconf 90' lang='lat' dir='ltr'>tantis</span> 
     </span>
     <span class='ocr_line' id='line_1_5' title="bbox 324 815 1390 898; baseline 0.001 -20"><span class='ocrx_word' id='word_1_27' title='bbox 324 815 556 878; x_wconf 86' lang='lat' dir='ltr'>munitionibus</span> <span class='ocrx_word' id='word_1_28' title='bbox 580 815 749 879; x_wconf 80' lang='lat' dir='ltr'>distinetur</span> <span class='ocrx_word' id='word_1_29' title='bbox 776 835 836 880; x_wconf 89' lang='lat' dir='ltr'>nec</span> <span class='ocrx_word' id='word_1_30' title='bbox 857 816 950 879; x_wconf 86' lang='lat' dir='ltr'>facile</span> <span class='ocrx_word' id='word_1_31' title='bbox 972 816 1118 898; x_wconf 92' lang='lat' dir='ltr'>pluribus</span> <span class='ocrx_word' id='word_1_32' title='bbox 1141 817 1220 880; x_wconf 91' lang='lat' dir='ltr'>locis</span> <span class='ocrx_word' id='word_1_33' title='bbox 1244 819 1390 882; x_wconf 89' lang='lat' dir='ltr'>occurrit.</span> 
     </span>
     <span class='ocr_line' id='line_1_6' title="bbox 296 921 1391 1008; baseline 0.001 -21"><span class='ocrx_word' id='word_1_34' title='bbox 296 923 461 987; x_wconf 73' lang='lat' dir='ltr'>rmultum</span> <span class='ocrx_word' id='word_1_35' title='bbox 486 921 525 984; x_wconf 91' lang='lat' dir='ltr'>ad</span> <span class='ocrx_word' id='word_1_36' title='bbox 554 922 718 986; x_wconf 89' lang='lat' dir='ltr'>terrendos</span> <span class='ocrx_word' id='word_1_37' title='bbox 745 927 871 986; x_wconf 91' lang='lat' dir='ltr'>nostros</span> <span class='ocrx_word' id='word_1_38' title='bbox 894 923 979 986; x_wconf 88' lang='lat' dir='ltr'>valet</span> <span class='ocrx_word' id='word_1_39' title='bbox 1002 924 1133 1006; x_wconf 90' lang='lat' dir='ltr'>clamor,</span> <span class='ocrx_word' id='word_1_40' title='bbox 1158 925 1213 1005; x_wconf 91' lang='lat' dir='ltr'>qui</span> <span class='ocrx_word' id='word_1_41' title='bbox 1236 929 1308 1008; x_wconf 92' lang='lat' dir='ltr'>post</span> <span class='ocrx_word' id='word_1_42' title='bbox 1329 930 1391 988; x_wconf 89' lang='lat' dir='ltr'>ter·</span> 
     </span>
     <span class='ocr_line' id='line_1_7' title="bbox 323 1028 1391 1114; baseline 0.002 -22"><span class='ocrx_word' id='word_1_43' title='bbox 323 1049 401 1113; x_wconf 89' lang='lat' dir='ltr'>gum</span> <span class='ocrx_word' id='word_1_44' title='bbox 423 1028 640 1112; x_wconf 81' lang='lat' dir='ltr'>pugnantibus</span> <span class='ocrx_word' id='word_1_45' title='bbox 663 1030 784 1112; x_wconf 79' lang='lat' dir='ltr'>existit,</span> <span class='ocrx_word' id='word_1_46' title='bbox 809 1030 894 1112; x_wconf 92' lang='lat' dir='ltr'>quod</span> <span class='ocrx_word' id='word_1_47' title='bbox 915 1050 1010 1093; x_wconf 89' lang='lat' dir='ltr'>suum</span> <span class='ocrx_word' id='word_1_48' title='bbox 1032 1032 1209 1114; x_wconf 90' lang='lat' dir='ltr'>periculum</span> <span class='ocrx_word' id='word_1_49' title='bbox 1233 1033 1268 1096; x_wconf 94' lang='lat' dir='ltr'>in</span> <span class='ocrx_word' id='word_1_50' title='bbox 1288 1032 1391 1096; x_wconf 89' lang='lat' dir='ltr'>aliena</span> 
     </span>
     <span class='ocr_line' id='line_1_8' title="bbox 297 1136 1433 1220; baseline -0.001 -17"><span class='ocrx_word' id='word_1_51' title='bbox 297 1161 310 1203; x_wconf 81' lang='lat' dir='ltr'>a</span> <span class='ocrx_word' id='word_1_52' title='bbox 326 1136 433 1199; x_wconf 91' lang='lat' dir='ltr'>vident</span> <span class='ocrx_word' id='word_1_53' title='bbox 447 1137 565 1200; x_wconf 90' lang='lat' dir='ltr'>virtute</span> <span class='ocrx_word' id='word_1_54' title='bbox 585 1140 743 1216; x_wconf 75' lang='lat' dir='ltr'>constare,</span> <span class='ocrx_word' id='word_1_55' title='bbox 769 1138 876 1199; x_wconf 89' lang='lat' dir='ltr'>omnia</span> <span class='ocrx_word' id='word_1_56' title='bbox 900 1138 986 1200; x_wconf 91' lang='lat' dir='ltr'>enim</span> <span class='ocrx_word' id='word_1_57' title='bbox 1009 1137 1211 1220; x_wconf 90' lang='lat' dir='ltr'>plerumque,</span> <span class='ocrx_word' id='word_1_58' title='bbox 1236 1156 1318 1219; x_wconf 90' lang='lat' dir='ltr'>quae</span> <span class='ocrx_word' id='word_1_59' title='bbox 1337 1137 1391 1200; x_wconf 93' lang='lat' dir='ltr'>ab·</span> <span class='ocrx_word' id='word_1_60' title='bbox 1406 1160 1433 1202; x_wconf 91' lang='lat'>10</span> 
     </span>
     <span class='ocr_line' id='line_1_9' title="bbox 270 1242 1418 1327; baseline 0.002 -21"><span class='ocrx_word' id='word_1_61' title='bbox 270 1259 305 1313; x_wconf 75' lang='lat'>85</span> <span class='ocrx_word' id='word_1_62' title='bbox 323 1248 410 1326; x_wconf 89' lang='lat' dir='ltr'>sunt,</span> <span class='ocrx_word' id='word_1_63' title='bbox 439 1243 662 1307; x_wconf 90' lang='lat' dir='ltr'>vehementius</span> <span class='ocrx_word' id='word_1_64' title='bbox 689 1243 856 1307; x_wconf 89' lang='lat' dir='ltr'>hominum</span> <span class='ocrx_word' id='word_1_65' title='bbox 885 1249 1008 1308; x_wconf 92' lang='lat' dir='ltr'>mentes</span> <span class='ocrx_word' id='word_1_66' title='bbox 1036 1243 1230 1327; x_wconf 89' lang='lat' dir='ltr'>perturbant.</span> <span class='ocrx_word' id='word_1_67' title='bbox 1278 1242 1418 1308; x_wconf 77' lang='lat' dir='ltr'>Caesari</span> 
     </span>
     <span class='ocr_line' id='line_1_10' title="bbox 324 1350 1391 1434; baseline 0 -22"><span class='ocrx_word' id='word_1_68' title='bbox 324 1351 476 1413; x_wconf 90' lang='lat' dir='ltr'>idoneum</span> <span class='ocrx_word' id='word_1_69' title='bbox 511 1351 616 1413; x_wconf 89' lang='lat' dir='ltr'>locum</span> <span class='ocrx_word' id='word_1_70' title='bbox 651 1356 764 1414; x_wconf 88' lang='lat' dir='ltr'>nactus</span> <span class='ocrx_word' id='word_1_71' title='bbox 800 1350 878 1434; x_wconf 91' lang='lat' dir='ltr'>quid</span> <span class='ocrx_word' id='word_1_72' title='bbox 911 1369 1036 1432; x_wconf 89' lang='lat' dir='ltr'>quaque</span> <span class='ocrx_word' id='word_1_73' title='bbox 1071 1352 1105 1413; x_wconf 94' lang='lat' dir='ltr'>in</span> <span class='ocrx_word' id='word_1_74' title='bbox 1140 1355 1229 1434; x_wconf 90' lang='lat' dir='ltr'>parte</span> <span class='ocrx_word' id='word_1_75' title='bbox 1263 1355 1391 1432; x_wconf 82' lang='lat' dir='ltr'>geratur</span> 
     </span>
     <span class='ocr_line' id='line_1_11' title="bbox 297 1457 1391 1542; baseline -0.002 -20"><span class='ocrx_word' id='word_1_76' title='bbox 297 1458 498 1540; x_wconf 85' lang='lat' dir='ltr'>acognoscit,</span> <span class='ocrx_word' id='word_1_77' title='bbox 530 1457 748 1521; x_wconf 82' lang='lat' dir='ltr'>laborantibus</span> <span class='ocrx_word' id='word_1_78' title='bbox 784 1457 993 1542; x_wconf 77' lang='lat' dir='ltr'>(subsidium)</span> <span class='ocrx_word' id='word_1_79' title='bbox 1035 1458 1201 1522; x_wconf 90' lang='lat' dir='ltr'>submittit.</span> <span class='ocrx_word' id='word_1_80' title='bbox 1247 1459 1391 1541; x_wconf 90' lang='lat' dir='ltr'>utrisque</span> 
     </span>
     <span class='ocr_line' id='line_1_12' title="bbox 325 1564 1392 1648; baseline 0.002 -22"><span class='ocrx_word' id='word_1_81' title='bbox 325 1564 365 1627; x_wconf 90' lang='lat' dir='ltr'>ad</span> <span class='ocrx_word' id='word_1_82' title='bbox 385 1565 528 1626; x_wconf 90' lang='lat' dir='ltr'>animum</span> <span class='ocrx_word' id='word_1_83' title='bbox 550 1567 687 1628; x_wconf 89' lang='lat' dir='ltr'>occurrit</span> <span class='ocrx_word' id='word_1_84' title='bbox 703 1585 805 1629; x_wconf 90' lang='lat' dir='ltr'>unum</span> <span class='ocrx_word' id='word_1_85' title='bbox 821 1584 890 1628; x_wconf 91' lang='lat' dir='ltr'>esse</span> <span class='ocrx_word' id='word_1_86' title='bbox 906 1565 986 1628; x_wconf 92' lang='lat' dir='ltr'>illud</span> <span class='ocrx_word' id='word_1_87' title='bbox 1003 1570 1141 1648; x_wconf 91' lang='lat' dir='ltr'>tempus,</span> <span class='ocrx_word' id='word_1_88' title='bbox 1166 1584 1230 1648; x_wconf 91' lang='lat' dir='ltr'>quo</span> <span class='ocrx_word' id='word_1_89' title='bbox 1250 1565 1392 1628; x_wconf 82' lang='lat' dir='ltr'>maxime</span> 
     </span>
     <span class='ocr_line' id='line_1_13' title="bbox 298 1671 1420 1762; baseline -0.002 -26"><span class='ocrx_word' id='word_1_90' title='bbox 298 1695 311 1736; x_wconf 87' lang='lat' dir='ltr'>a</span> <span class='ocrx_word' id='word_1_91' title='bbox 326 1671 476 1762; x_wconf 85' lang='lat' dir='ltr'>contendi</span> <span class='ocrx_word' id='word_1_92' title='bbox 495 1674 676 1736; x_wconf 88' lang='lat' dir='ltr'>conveniat:</span> <span class='ocrx_word' id='word_1_93' title='bbox 703 1672 797 1754; x_wconf 82' lang='lat' dir='ltr'>Galli,</span> <span class='ocrx_word' id='word_1_94' title='bbox 820 1673 881 1735; x_wconf 87' lang='lat' dir='ltr'>nisi</span> <span class='ocrx_word' id='word_1_95' title='bbox 898 1673 1108 1756; x_wconf 77' lang='lat' dir='ltr'>perfregerint</span> <span class='ocrx_word' id='word_1_96' title='bbox 1122 1673 1329 1753; x_wconf 80' lang='lat' dir='ltr'>munitiones,</span> <span class='ocrx_word' id='word_1_97' title='bbox 1353 1671 1420 1735; x_wconf 79' lang='lat' dir='ltr'>deo</span> 
     </span>
     <span class='ocr_line' id='line_1_14' title="bbox 327 1777 1392 1862; baseline -0.001 -21"><span class='ocrx_word' id='word_1_98' title='bbox 327 1781 414 1842; x_wconf 92' lang='lat' dir='ltr'>omni</span> <span class='ocrx_word' id='word_1_99' title='bbox 437 1781 539 1843; x_wconf 90' lang='lat' dir='ltr'>salute</span> <span class='ocrx_word' id='word_1_100' title='bbox 556 1780 737 1862; x_wconf 79' lang='lat' dir='ltr'>desperant3</span> <span class='ocrx_word' id='word_1_101' title='bbox 761 1778 911 1861; x_wconf 89' lang='lat' dir='ltr'>Romani,</span> <span class='ocrx_word' id='word_1_102' title='bbox 935 1780 962 1842; x_wconf 91' lang='lat' dir='ltr'>si</span> <span class='ocrx_word' id='word_1_103' title='bbox 977 1798 1046 1842; x_wconf 90' lang='lat' dir='ltr'>rem</span> <span class='ocrx_word' id='word_1_104' title='bbox 1062 1779 1272 1860; x_wconf 74' lang='lat' dir='ltr'>obtinuerint,</span> <span class='ocrx_word' id='word_1_105' title='bbox 1295 1777 1392 1841; x_wconf 87' lang='lat' dir='ltr'>finem</span> 
     </span>
     <span class='ocr_line' id='line_1_15' title="bbox 297 1885 1392 1969; baseline -0.005 -18"><span class='ocrx_word' id='word_1_106' title='bbox 297 1887 469 1953; x_wconf 74' lang='lat' dir='ltr'>ilaborum</span> <span class='ocrx_word' id='word_1_107' title='bbox 495 1887 639 1949; x_wconf 93' lang='lat' dir='ltr'>omnium</span> <span class='ocrx_word' id='word_1_108' title='bbox 663 1890 840 1969; x_wconf 82' lang='lat' dir='ltr'>expectant.</span> <span class='ocrx_word' id='word_1_109' title='bbox 886 1886 1027 1948; x_wconf 84' lang='lat' dir='ltr'>maxime</span> <span class='ocrx_word' id='word_1_110' title='bbox 1055 1885 1095 1948; x_wconf 90' lang='lat' dir='ltr'>ad</span> <span class='ocrx_word' id='word_1_111' title='bbox 1121 1886 1300 1968; x_wconf 88' lang='lat' dir='ltr'>superiores</span> <span class='ocrx_word' id='word_1_112' title='bbox 1322 1904 1392 1946; x_wconf 93' lang='lat' dir='ltr'>mu-</span> 
     </span>
     <span class='ocr_line' id='line_1_16' title="bbox 324 1992 1393 2074; baseline -0.001 -21"><span class='ocrx_word' id='word_1_113' title='bbox 324 1992 463 2054; x_wconf 89' lang='lat' dir='ltr'>nitiones</span> <span class='ocrx_word' id='word_1_114' title='bbox 486 1992 662 2074; x_wconf 84' lang='lat' dir='ltr'>laboratur,</span> <span class='ocrx_word' id='word_1_115' title='bbox 686 2011 747 2074; x_wconf 89' lang='lat' dir='ltr'>quo</span> <span class='ocrx_word' id='word_1_116' title='bbox 760 1992 1097 2056; x_wconf 83' lang='lat' dir='ltr'>Vercassivellaunum</span> <span class='ocrx_word' id='word_1_117' title='bbox 1112 1993 1245 2055; x_wconf 92' lang='lat' dir='ltr'>missum</span> <span class='ocrx_word' id='word_1_118' title='bbox 1263 1993 1393 2055; x_wconf 90' lang='lat' dir='ltr'>demon-</span> 
     </span>
     <span class='ocr_line' id='line_1_17' title="bbox 326 2099 1392 2182; baseline 0.001 -23"><span class='ocrx_word' id='word_1_119' title='bbox 326 2099 504 2162; x_wconf 91' lang='lat' dir='ltr'>stravimus.</span> <span class='ocrx_word' id='word_1_120' title='bbox 535 2100 684 2180; x_wconf 91' lang='lat' dir='ltr'>iniquum</span> <span class='ocrx_word' id='word_1_121' title='bbox 699 2099 762 2162; x_wconf 93' lang='lat' dir='ltr'>loci</span> <span class='ocrx_word' id='word_1_122' title='bbox 778 2099 817 2162; x_wconf 91' lang='lat' dir='ltr'>ad</span> <span class='ocrx_word' id='word_1_123' title='bbox 834 2099 1046 2162; x_wconf 78' lang='lat' dir='ltr'>declivitatem</span> <span class='ocrx_word' id='word_1_124' title='bbox 1063 2099 1225 2181; x_wconf 87' lang='lat' dir='ltr'>fastigium</span> <span class='ocrx_word' id='word_1_125' title='bbox 1241 2118 1392 2182; x_wconf 89' lang='lat' dir='ltr'>magnum</span> 
     </span>
     <span class='ocr_line' id='line_1_18' title="bbox 298 2204 1434 2288; baseline -0.004 -16"><span class='ocrx_word' id='word_1_126' title='bbox 298 2204 420 2272; x_wconf 80' lang='lat' dir='ltr'>ahabet</span> <span class='ocrx_word' id='word_1_127' title='bbox 442 2210 647 2269; x_wconf 91' lang='lat' dir='ltr'>momentum.</span> <span class='ocrx_word' id='word_1_128' title='bbox 695 2205 749 2268; x_wconf 90' lang='lat' dir='ltr'>alii</span> <span class='ocrx_word' id='word_1_129' title='bbox 771 2206 834 2269; x_wconf 90' lang='lat' dir='ltr'>tela</span> <span class='ocrx_word' id='word_1_130' title='bbox 857 2206 1013 2288; x_wconf 84' lang='lat' dir='ltr'>coiciunt,</span> <span class='ocrx_word' id='word_1_131' title='bbox 1042 2206 1096 2268; x_wconf 89' lang='lat' dir='ltr'>alii</span> <span class='ocrx_word' id='word_1_132' title='bbox 1123 2206 1283 2269; x_wconf 88' lang='lat' dir='ltr'>testudine</span> <span class='ocrx_word' id='word_1_133' title='bbox 1309 2205 1393 2268; x_wconf 89' lang='lat' dir='ltr'>facta</span> <span class='ocrx_word' id='word_1_134' title='bbox 1408 2225 1434 2267; x_wconf 72' lang='grc' dir='ltr'>ιο</span> 
     </span>
     <span class='ocr_line' id='line_1_19' title="bbox 299 2311 1391 2396; baseline -0.004 -18"><span class='ocrx_word' id='word_1_135' title='bbox 299 2311 477 2393; x_wconf 72' lang='lat' dir='ltr'>esubeunt,</span> <span class='ocrx_word' id='word_1_136' title='bbox 502 2312 678 2394; x_wconf 84' lang='lat' dir='ltr'>defatigatis</span> <span class='ocrx_word' id='word_1_137' title='bbox 701 2313 736 2375; x_wconf 93' lang='lat' dir='ltr'>in</span> <span class='ocrx_word' id='word_1_138' title='bbox 752 2313 855 2377; x_wconf 90' lang='lat' dir='ltr'>vicem</span> <span class='ocrx_word' id='word_1_139' title='bbox 878 2313 994 2396; x_wconf 87' lang='lat' dir='ltr'>integri</span> <span class='ocrx_word' id='word_1_140' title='bbox 1010 2312 1214 2384; x_wconf 85' lang='lat' dir='ltr'>succedunt.¹</span> <span class='ocrx_word' id='word_1_141' title='bbox 1235 2330 1331 2396; x_wconf 87' lang='lat' dir='ltr'>agger</span> <span class='ocrx_word' id='word_1_142' title='bbox 1353 2311 1391 2374; x_wconf 90' lang='lat' dir='ltr'>ab</span> 
     </span>
     <span class='ocr_line' id='line_1_20' title="bbox 326 2417 1393 2484; baseline 0.001 -4"><span class='ocrx_word' id='word_1_143' title='bbox 326 2420 484 2484; x_wconf 88' lang='lat' dir='ltr'>univorsis</span> <span class='ocrx_word' id='word_1_144' title='bbox 508 2421 541 2482; x_wconf 90' lang='lat' dir='ltr'>in</span> <span class='ocrx_word' id='word_1_145' title='bbox 566 2421 777 2483; x_wconf 90' lang='lat' dir='ltr'>munitionem</span> <span class='ocrx_word' id='word_1_146' title='bbox 796 2421 958 2484; x_wconf 88' lang='lat' dir='ltr'>coniectus</span> <span class='ocrx_word' id='word_1_147' title='bbox 983 2425 1015 2484; x_wconf 91' lang='lat' dir='ltr'>et</span> <span class='ocrx_word' id='word_1_148' title='bbox 1033 2438 1201 2484; x_wconf 88' lang='lat' dir='ltr'>ascensum</span> <span class='ocrx_word' id='word_1_149' title='bbox 1223 2420 1276 2483; x_wconf 90' lang='lat' dir='ltr'>dat</span> <span class='ocrx_word' id='word_1_150' title='bbox 1295 2417 1393 2482; x_wconf 83' lang='lat' dir='ltr'>Gallis</span> 
     </span>
     <span class='ocr_line' id='line_1_21' title="bbox 327 2527 1393 2610; baseline 0.001 -23"><span class='ocrx_word' id='word_1_151' title='bbox 327 2529 358 2587; x_wconf 90' lang='lat' dir='ltr'>et</span> <span class='ocrx_word' id='word_1_152' title='bbox 381 2543 430 2606; x_wconf 92' lang='lat' dir='ltr'>ea,</span> <span class='ocrx_word' id='word_1_153' title='bbox 454 2527 591 2608; x_wconf 89' lang='lat' dir='ltr'>quaein</span> <span class='ocrx_word' id='word_1_154' title='bbox 615 2532 699 2590; x_wconf 88' lang='lat' dir='ltr'>terra</span> <span class='ocrx_word' id='word_1_155' title='bbox 721 2527 957 2591; x_wconf 88' lang='lat' dir='ltr'>occultaverant</span> <span class='ocrx_word' id='word_1_156' title='bbox 978 2527 1129 2608; x_wconf 85' lang='lat' dir='ltr'>Romani,</span> <span class='ocrx_word' id='word_1_157' title='bbox 1154 2529 1304 2610; x_wconf 82' lang='lat' dir='ltr'>contegit3</span> <span class='ocrx_word' id='word_1_158' title='bbox 1334 2544 1393 2589; x_wconf 90' lang='lat' dir='ltr'>nec</span> 
     </span>
     <span class='ocr_line' id='line_1_22' title="bbox 272 2631 1421 2717; baseline 0.002 -24"><span class='ocrx_word' id='word_1_159' title='bbox 272 2649 308 2703; x_wconf 79' lang='lat'>86</span> <span class='ocrx_word' id='word_1_160' title='bbox 326 2631 391 2694; x_wconf 91' lang='lat' dir='ltr'>iam</span> <span class='ocrx_word' id='word_1_161' title='bbox 414 2651 502 2695; x_wconf 91' lang='lat' dir='ltr'>arma</span> <span class='ocrx_word' id='word_1_162' title='bbox 525 2635 642 2696; x_wconf 89' lang='lat' dir='ltr'>nostris</span> <span class='ocrx_word' id='word_1_163' title='bbox 665 2653 725 2698; x_wconf 92' lang='lat' dir='ltr'>nec</span> <span class='ocrx_word' id='word_1_164' title='bbox 741 2635 824 2698; x_wconf 88' lang='lat' dir='ltr'>vires</span> <span class='ocrx_word' id='word_1_165' title='bbox 847 2639 1027 2717; x_wconf 88' lang='lat' dir='ltr'>suppetunt.</span> <span class='ocrx_word' id='word_1_166' title='bbox 1066 2635 1127 2697; x_wconf 92' lang='lat' dir='ltr'>His</span> <span class='ocrx_word' id='word_1_167' title='bbox 1147 2634 1243 2698; x_wconf 90' lang='lat' dir='ltr'>rebus</span> <span class='ocrx_word' id='word_1_168' title='bbox 1259 2634 1421 2716; x_wconf 82' lang='lat' dir='ltr'>cognitisr</span> 
     </span>
     <span class='ocr_line' id='line_1_23' title="bbox 328 2736 1394 2805; baseline 0.002 -5"><span class='ocrx_word' id='word_1_169' title='bbox 328 2736 442 2803; x_wconf 84' lang='lat' dir='ltr'>Caesar</span> <span class='ocrx_word' id='word_1_170' title='bbox 457 2739 634 2803; x_wconf 86' lang='lat' dir='ltr'>Labienum</span> <span class='ocrx_word' id='word_1_171' title='bbox 657 2759 731 2803; x_wconf 91' lang='lat' dir='ltr'>oum</span> <span class='ocrx_word' id='word_1_172' title='bbox 750 2741 933 2804; x_wconf 90' lang='lat' dir='ltr'>cohortibus</span> <span class='ocrx_word' id='word_1_173' title='bbox 948 2741 996 2804; x_wconf 88' lang='lat' dir='ltr'>VI</span> <span class='ocrx_word' id='word_1_174' title='bbox 1013 2740 1154 2805; x_wconf 91' lang='lat' dir='ltr'>subsidio</span> <span class='ocrx_word' id='word_1_175' title='bbox 1175 2739 1394 2804; x_wconf 88' lang='lat' dir='ltr'>laborantibus</span> 
     </span>
     <span class='ocr_line' id='line_1_24' title="bbox 300 2847 1393 2931; baseline -0.003 -18"><span class='ocrx_word' id='word_1_176' title='bbox 300 2847 436 2926; x_wconf 71' lang='lat' dir='ltr'>amittit,</span> <span class='ocrx_word' id='word_1_177' title='bbox 461 2847 608 2930; x_wconf 89' lang='lat' dir='ltr'>imperat,</span> <span class='ocrx_word' id='word_1_178' title='bbox 632 2849 660 2910; x_wconf 90' lang='lat' dir='ltr'>si</span> <span class='ocrx_word' id='word_1_179' title='bbox 683 2849 840 2912; x_wconf 89' lang='lat' dir='ltr'>sustinere</span> <span class='ocrx_word' id='word_1_180' title='bbox 862 2867 930 2912; x_wconf 91' lang='lat' dir='ltr'>non</span> <span class='ocrx_word' id='word_1_181' title='bbox 954 2849 1065 2931; x_wconf 89' lang='lat' dir='ltr'>possit,</span> <span class='ocrx_word' id='word_1_182' title='bbox 1090 2847 1236 2912; x_wconf 88' lang='lat' dir='ltr'>deductis</span> <span class='ocrx_word' id='word_1_183' title='bbox 1257 2849 1393 2912; x_wconf 88' lang='lat' dir='ltr'>cohorti-</span> 
     </span>
     <span class='ocr_line' id='line_1_25' title="bbox 298 2953 1392 3038; baseline -0.004 -18"><span class='ocrx_word' id='word_1_184' title='bbox 298 2953 386 3020; x_wconf 83' lang='lat' dir='ltr'>ebus</span> <span class='ocrx_word' id='word_1_185' title='bbox 411 2955 576 3037; x_wconf 89' lang='lat' dir='ltr'>eruptione</span> <span class='ocrx_word' id='word_1_186' title='bbox 599 2960 732 3038; x_wconf 73' lang='lat' dir='ltr'>pugnet,</span> <span class='ocrx_word' id='word_1_187' title='bbox 764 2955 797 3018; x_wconf 94' lang='lat' dir='ltr'>id</span> <span class='ocrx_word' id='word_1_188' title='bbox 820 2956 882 3018; x_wconf 87' lang='lat' dir='ltr'>nisi</span> <span class='ocrx_word' id='word_1_189' title='bbox 906 2957 1084 3019; x_wconf 89' lang='lat' dir='ltr'>necessario</span> <span class='ocrx_word' id='word_1_190' title='bbox 1112 2975 1153 3018; x_wconf 91' lang='lat' dir='ltr'>ne</span> <span class='ocrx_word' id='word_1_191' title='bbox 1176 2956 1277 3018; x_wconf 88' lang='lat' dir='ltr'>faciat.</span> <span class='ocrx_word' id='word_1_192' title='bbox 1324 2955 1392 3037; x_wconf 90' lang='lat' dir='ltr'>ipse</span> 
     </span>
     <span class='ocr_line' id='line_1_26' title="bbox 327 3061 1421 3144; baseline 0 -23"><span class='ocrx_word' id='word_1_193' title='bbox 327 3061 393 3122; x_wconf 89' lang='lat' dir='ltr'>adit</span> <span class='ocrx_word' id='word_1_194' title='bbox 415 3061 568 3142; x_wconf 80' lang='lat' dir='ltr'>reliquos3</span> <span class='ocrx_word' id='word_1_195' title='bbox 594 3062 788 3144; x_wconf 86' lang='lat' dir='ltr'>cohortatur,</span> <span class='ocrx_word' id='word_1_196' title='bbox 811 3081 852 3125; x_wconf 92' lang='lat' dir='ltr'>ne</span> <span class='ocrx_word' id='word_1_197' title='bbox 875 3061 978 3124; x_wconf 91' lang='lat' dir='ltr'>labori</span> <span class='ocrx_word' id='word_1_198' title='bbox 1002 3061 1224 3140; x_wconf 69' lang='lat' dir='ltr'>succumbant,</span> <span class='ocrx_word' id='word_1_199' title='bbox 1250 3062 1421 3124; x_wconf 80' lang='lat' dir='ltr'>omniumo</span> 
     </span>
     <span class='ocr_line' id='line_1_27' title="bbox 328 3166 1394 3250; baseline 0 -22"><span class='ocrx_word' id='word_1_200' title='bbox 328 3167 529 3250; x_wconf 89' lang='lat' dir='ltr'>superiorum</span> <span class='ocrx_word' id='word_1_201' title='bbox 558 3168 800 3231; x_wconf 89' lang='lat' dir='ltr'>dimicationum</span> <span class='ocrx_word' id='word_1_202' title='bbox 826 3170 964 3232; x_wconf 86' lang='lat' dir='ltr'>fructum</span> <span class='ocrx_word' id='word_1_203' title='bbox 993 3169 1029 3231; x_wconf 90' lang='lat' dir='ltr'>in</span> <span class='ocrx_word' id='word_1_204' title='bbox 1058 3188 1094 3233; x_wconf 94' lang='lat' dir='ltr'>eo</span> <span class='ocrx_word' id='word_1_205' title='bbox 1124 3168 1174 3231; x_wconf 92' lang='lat' dir='ltr'>die</span> <span class='ocrx_word' id='word_1_206' title='bbox 1199 3173 1293 3250; x_wconf 93' lang='lat' dir='ltr'>atque</span> <span class='ocrx_word' id='word_1_207' title='bbox 1316 3166 1394 3229; x_wconf 93' lang='lat' dir='ltr'>hora</span> 
     </span>
     <span class='ocr_line' id='line_1_28' title="bbox 298 3273 1393 3358; baseline -0.003 -20"><span class='ocrx_word' id='word_1_208' title='bbox 298 3273 421 3338; x_wconf 71' lang='lat' dir='ltr'>idocet</span> <span class='ocrx_word' id='word_1_209' title='bbox 444 3274 622 3337; x_wconf 87' lang='lat' dir='ltr'>consistere.</span> <span class='ocrx_word' id='word_1_210' title='bbox 667 3275 835 3344; x_wconf 89' lang='lat' dir='ltr'>interiores</span> <span class='ocrx_word' id='word_1_211' title='bbox 860 3275 1033 3358; x_wconf 88' lang='lat' dir='ltr'>desperatis</span> <span class='ocrx_word' id='word_1_212' title='bbox 1061 3273 1291 3358; x_wconf 87' lang='lat' dir='ltr'>campestribus</span> <span class='ocrx_word' id='word_1_213' title='bbox 1313 3273 1393 3336; x_wconf 90' lang='lat' dir='ltr'>locis</span> 
     </span>
    </p>
   </div>
   <div class='ocr_carea' id='block_1_3' title="bbox 327 3504 1394 3753">
    <p class='ocr_par' dir='ltr' id='par_1_3' title="bbox 327 3504 1394 3753">
     <span class='ocr_line' id='line_1_29' title="bbox 417 3504 1393 3573; baseline -0.001 -16"><span class='ocrx_word' id='word_1_214' title='bbox 417 3507 434 3557; x_wconf 87' lang='grc'>4</span> <span class='ocrx_word' id='word_1_215' title='bbox 452 3507 591 3573; x_wconf 88' lang='lat' dir='ltr'>parauerat</span> <span class='ocrx_word' id='word_1_216' title='bbox 611 3505 658 3572; x_wconf 65' lang='lat' dir='ltr'>Sil?</span> <span class='ocrx_word' id='word_1_217' title='bbox 676 3507 834 3573; x_wconf 79' lang='lat' dir='ltr'>parauerunt</span> <span class='ocrx_word' id='word_1_218' title='bbox 852 3524 869 3556; x_wconf 82' lang='lat' dir='ltr'>a</span> <span class='ocrx_word' id='word_1_219' title='bbox 902 3505 910 3573; x_wconf 74' lang='lat' dir='ltr'>ll</span> <span class='ocrx_word' id='word_1_220' title='bbox 942 3507 967 3559; x_wconf 88' lang='lat'>5.</span> <span class='ocrx_word' id='word_1_221' title='bbox 982 3505 999 3560; x_wconf 89' lang='grc'><strong>6</strong></span> <span class='ocrx_word' id='word_1_222' title='bbox 1013 3505 1123 3558; x_wconf 90' lang='lat' dir='ltr'>minime</span> <span class='ocrx_word' id='word_1_223' title='bbox 1140 3521 1201 3573; x_wconf 87' lang='lat' dir='ltr'>pars</span> <span class='ocrx_word' id='word_1_224' title='bbox 1220 3504 1297 3557; x_wconf 91' lang='lat' dir='ltr'>firma</span> <span class='ocrx_word' id='word_1_225' title='bbox 1315 3505 1393 3572; x_wconf 90' lang='lat' dir='ltr'>essct,</span> 
     </span>
     <span class='ocr_line' id='line_1_30' title="bbox 327 3592 1394 3664; baseline -0.002 -17"><span class='ocrx_word' id='word_1_226' title='bbox 327 3594 416 3662; x_wconf 70' lang='lat' dir='ltr'>huod</span> <span class='ocrx_word' id='word_1_227' title='bbox 447 3596 455 3664; x_wconf 75' lang='lat' dir='ltr'>ll</span> <span class='ocrx_word' id='word_1_228' title='bbox 487 3595 611 3648; x_wconf 80' lang='lat' dir='ltr'>tlextitit</span> <span class='ocrx_word' id='word_1_229' title='bbox 630 3613 647 3646; x_wconf 81' lang='lat' dir='ltr'>a</span> <span class='ocrx_word' id='word_1_230' title='bbox 679 3594 688 3663; x_wconf 75' lang='lat' dir='ltr'>ll</span> <span class='ocrx_word' id='word_1_231' title='bbox 720 3595 799 3664; x_wconf 73' lang='lat' dir='ltr'>quod]</span> <span class='ocrx_word' id='word_1_232' title='bbox 820 3611 881 3648; x_wconf 93' lang='lat' dir='ltr'>cum</span> <span class='ocrx_word' id='word_1_233' title='bbox 901 3594 1030 3663; x_wconf 82' lang='lat' dir='ltr'>EHoffm.</span> <span class='ocrx_word' id='word_1_234' title='bbox 1063 3594 1071 3662; x_wconf 74' lang='lat' dir='ltr'>ll</span> <span class='ocrx_word' id='word_1_235' title='bbox 1104 3610 1181 3648; x_wconf 91' lang='lat' dir='ltr'>suum</span> <span class='ocrx_word' id='word_1_236' title='bbox 1195 3593 1342 3662; x_wconf 90' lang='lat' dir='ltr'>periculum</span> <span class='ocrx_word' id='word_1_237' title='bbox 1353 3592 1394 3659; x_wconf 73' lang='lat' dir='ltr'>X,</span> 
     </span>
     <span class='ocr_line' id='line_1_31' title="bbox 327 3683 1040 3753; baseline -0.006 -15"><span class='ocrx_word' id='word_1_238' title='bbox 327 3701 403 3738; x_wconf 85' lang='lat' dir='ltr'>suam</span> <span class='ocrx_word' id='word_1_239' title='bbox 423 3683 535 3738; x_wconf 90' lang='lat' dir='ltr'>salutem</span> <span class='ocrx_word' id='word_1_240' title='bbox 558 3685 625 3738; x_wconf 82' lang='lat' dir='ltr'>Oud.</span> <span class='ocrx_word' id='word_1_241' title='bbox 658 3685 666 3753; x_wconf 77' lang='lat' dir='ltr'>ll</span> <span class='ocrx_word' id='word_1_242' title='bbox 700 3684 734 3739; x_wconf 90' lang='lat'>10</span> <span class='ocrx_word' id='word_1_243' title='bbox 752 3684 851 3738; x_wconf 86' lang='lat' dir='ltr'>uirtute</span> <span class='ocrx_word' id='word_1_244' title='bbox 869 3691 898 3752; x_wconf 79' lang='grc' dir='ltr'>β;</span> <span class='ocrx_word' id='word_1_245' title='bbox 917 3683 1002 3738; x_wconf 88' lang='lat' dir='ltr'>salute</span> <span class='ocrx_word' id='word_1_246' title='bbox 1022 3703 1040 3734; x_wconf 82' lang='lat' dir='ltr'>a</span> 
     </span>
    </p>
   </div>
   <div class='ocr_carea' id='block_1_4' title="bbox 325 3789 1395 4128">
    <p class='ocr_par' dir='ltr' id='par_1_4' title="bbox 325 3789 1395 4128">
     <span class='ocr_line' id='line_1_32' title="bbox 418 3789 1395 3862; baseline -0.004 -16"><span class='ocrx_word' id='word_1_247' title='bbox 418 3793 463 3846; x_wconf 82' lang='lat'>85.</span> <span class='ocrx_word' id='word_1_248' title='bbox 484 3791 500 3844; x_wconf 82' lang='lat'><strong>2</strong></span> <span class='ocrx_word' id='word_1_249' title='bbox 519 3809 622 3861; x_wconf 88' lang='lat' dir='ltr'>quaque</span> <span class='ocrx_word' id='word_1_250' title='bbox 641 3793 667 3845; x_wconf 94' lang='lat' dir='ltr'>in</span> <span class='ocrx_word' id='word_1_251' title='bbox 686 3799 714 3860; x_wconf 79' lang='grc' dir='ltr'>β;</span> <span class='ocrx_word' id='word_1_252' title='bbox 734 3809 787 3862; x_wconf 87' lang='lat' dir='ltr'>qua</span> <span class='ocrx_word' id='word_1_253' title='bbox 805 3809 839 3844; x_wconf 83' lang='lat' dir='ltr'>ex</span> <span class='ocrx_word' id='word_1_254' title='bbox 858 3811 875 3843; x_wconf 80' lang='lat' dir='ltr'>a</span> <span class='ocrx_word' id='word_1_255' title='bbox 908 3792 917 3860; x_wconf 77' lang='lat' dir='ltr'>ll</span> <span class='ocrx_word' id='word_1_256' title='bbox 954 3789 1134 3844; x_wconf 85' lang='lat' dir='ltr'>3subsidium</span> <span class='ocrx_word' id='word_1_257' title='bbox 1159 3789 1290 3842; x_wconf 89' lang='lat' dir='ltr'>submittit</span> <span class='ocrx_word' id='word_1_258' title='bbox 1314 3789 1395 3856; x_wconf 80' lang='lat' dir='ltr'>Ocd.;</span> 
     </span>
     <span class='ocr_line' id='line_1_33' title="bbox 327 3877 1395 3949; baseline -0.004 -15"><span class='ocrx_word' id='word_1_259' title='bbox 327 3880 472 3934; x_wconf 87' lang='lat' dir='ltr'>summittit</span> <span class='ocrx_word' id='word_1_260' title='bbox 490 3881 638 3935; x_wconf 89' lang='lat' dir='ltr'>subsidium</span> <span class='ocrx_word' id='word_1_261' title='bbox 658 3882 691 3949; x_wconf 81' lang='lat' dir='ltr'>S;</span> <span class='ocrx_word' id='word_1_262' title='bbox 710 3881 854 3934; x_wconf 88' lang='lat' dir='ltr'>summittit</span> <span class='ocrx_word' id='word_1_263' title='bbox 871 3880 902 3932; x_wconf 91' lang='lat' dir='ltr'><em>X</em></span> <span class='ocrx_word' id='word_1_264' title='bbox 931 3880 939 3948; x_wconf 75' lang='lat' dir='ltr'>ll</span> <span class='ocrx_word' id='word_1_265' title='bbox 972 3880 1040 3932; x_wconf 84' lang='lat' dir='ltr'>4ad</span> <span class='ocrx_word' id='word_1_266' title='bbox 1058 3879 1178 3932; x_wconf 87' lang='lat' dir='ltr'>animum</span> <span class='ocrx_word' id='word_1_267' title='bbox 1197 3877 1236 3945; x_wconf 73' lang='lat' dir='ltr'>X,</span> <span class='ocrx_word' id='word_1_268' title='bbox 1260 3879 1288 3931; x_wconf 92' lang='lat' dir='ltr'>id</span> <span class='ocrx_word' id='word_1_269' title='bbox 1307 3878 1395 3932; x_wconf 87' lang='lat' dir='ltr'>animo</span> 
     </span>
     <span class='ocr_line' id='line_1_34' title="bbox 327 3966 1394 4041; baseline -0.002 -20"><span class='ocrx_word' id='word_1_270' title='bbox 327 3968 434 4038; x_wconf 79' lang='lat' dir='ltr'>Fripell</span> <span class='ocrx_word' id='word_1_271' title='bbox 465 3972 474 4041; x_wconf 72' lang='lat' dir='ltr'>ll</span> <span class='ocrx_word' id='word_1_272' title='bbox 506 3987 590 4023; x_wconf 90' lang='lat' dir='ltr'>unum</span> <span class='ocrx_word' id='word_1_273' title='bbox 608 3970 673 4024; x_wconf 91' lang='lat' dir='ltr'>illud</span> <span class='ocrx_word' id='word_1_274' title='bbox 693 3985 751 4024; x_wconf 87' lang='lat' dir='ltr'>esse</span> <span class='ocrx_word' id='word_1_275' title='bbox 770 3972 876 4038; x_wconf 84' lang='lat' dir='ltr'>tempus</span> <span class='ocrx_word' id='word_1_276' title='bbox 895 3969 1038 4038; x_wconf 87' lang='lat' dir='ltr'>praedicat,</span> <span class='ocrx_word' id='word_1_277' title='bbox 1060 3974 1147 4036; x_wconf 64' lang='lat' dir='ltr'>quod</span> <span class='ocrx_word' id='word_1_278' title='bbox 1184 3970 1192 4038; x_wconf 72' lang='lat' dir='ltr'>ll</span> <span class='ocrx_word' id='word_1_279' title='bbox 1228 3966 1394 4021; x_wconf 80' lang='lat' dir='ltr'>Suercassi-</span> 
     </span>
     <span class='ocr_line' id='line_1_35' title="bbox 325 4057 1241 4128; baseline -0.001 -18"><span class='ocrx_word' id='word_1_280' title='bbox 325 4058 472 4126; x_wconf 71' lang='lat' dir='ltr'>launumfl</span> <span class='ocrx_word' id='word_1_281' title='bbox 504 4060 512 4127; x_wconf 78' lang='lat' dir='ltr'>ll</span> <span class='ocrx_word' id='word_1_282' title='bbox 544 4060 703 4128; x_wconf 86' lang='lat' dir='ltr'>9Iniquum</span> <span class='ocrx_word' id='word_1_283' title='bbox 724 4078 754 4127; x_wconf 74' lang='lat' dir='ltr'>a,</span> <span class='ocrx_word' id='word_1_284' title='bbox 773 4059 935 4128; x_wconf 70' lang='lat' dir='ltr'>exiguumfl</span> <span class='ocrx_word' id='word_1_285' title='bbox 967 4059 975 4128; x_wconf 75' lang='lat' dir='ltr'>ll</span> <span class='ocrx_word' id='word_1_286' title='bbox 1008 4057 1041 4110; x_wconf 86' lang='lat'>12</span> <span class='ocrx_word' id='word_1_287' title='bbox 1060 4057 1241 4124; x_wconf 70' lang='lat' dir='ltr'>munitionefl</span> 
     </span>
    </p>
   </div>
   <div class='ocr_carea' id='block_1_5' title="bbox 325 4163 1396 4327">
    <p class='ocr_par' dir='ltr' id='par_1_5' title="bbox 325 4163 1396 4327">
     <span class='ocr_line' id='line_1_36' title="bbox 417 4163 1396 4237; baseline -0.003 -17"><span class='ocrx_word' id='word_1_288' title='bbox 417 4166 462 4221; x_wconf 83' lang='grc'>86.</span> <span class='ocrx_word' id='word_1_289' title='bbox 483 4166 499 4218; x_wconf 89' lang='grc'>2</span> <span class='ocrx_word' id='word_1_290' title='bbox 519 4167 573 4220; x_wconf 74' lang='lat' dir='ltr'>vi.</span> <span class='ocrx_word' id='word_1_291' title='bbox 593 4167 743 4220; x_wconf 87' lang='lat' dir='ltr'>cohortibus</span> <span class='ocrx_word' id='word_1_292' title='bbox 765 4174 783 4234; x_wconf 82' lang='grc' dir='ltr'>β</span> <span class='ocrx_word' id='word_1_293' title='bbox 815 4168 823 4237; x_wconf 74' lang='lat' dir='ltr'>ll</span> <span class='ocrx_word' id='word_1_294' title='bbox 855 4167 872 4219; x_wconf 84' lang='lat'>4</span> <span class='ocrx_word' id='word_1_295' title='bbox 895 4166 1024 4236; x_wconf 82' lang='lat' dir='ltr'>pugnaret</span> <span class='ocrx_word' id='word_1_296' title='bbox 1043 4183 1060 4216; x_wconf 82' lang='lat' dir='ltr'>a</span> <span class='ocrx_word' id='word_1_297' title='bbox 1093 4165 1102 4233; x_wconf 74' lang='grc' dir='ltr'><strong>Η</strong></span> <span class='ocrx_word' id='word_1_298' title='bbox 1133 4164 1191 4234; x_wconf 83' lang='lat' dir='ltr'>ipse</span> <span class='ocrx_word' id='word_1_299' title='bbox 1210 4169 1299 4229; x_wconf 69' lang='lat' dir='ltr'>arad</span> <span class='ocrx_word' id='word_1_300' title='bbox 1334 4163 1342 4230; x_wconf 83' lang='grc' dir='ltr'>ΙΙ</span> <span class='ocrx_word' id='word_1_301' title='bbox 1380 4163 1396 4216; x_wconf 83' lang='grc'>5</span> 
     </span>
     <span class='ocr_line' id='line_1_37' title="bbox 325 4254 946 4327; baseline 0 -19"><span class='ocrx_word' id='word_1_302' title='bbox 325 4254 383 4309; x_wconf 86' lang='lat' dir='ltr'>adit</span> <span class='ocrx_word' id='word_1_303' title='bbox 402 4273 432 4323; x_wconf 81' lang='lat' dir='ltr'>o3</span> <span class='ocrx_word' id='word_1_304' title='bbox 456 4257 492 4309; x_wconf 88' lang='lat' dir='ltr'>At</span> <span class='ocrx_word' id='word_1_305' title='bbox 510 4256 535 4308; x_wconf 90' lang='lat' dir='ltr'>id</span> <span class='ocrx_word' id='word_1_306' title='bbox 554 4273 588 4322; x_wconf 75' lang='lat'>⁷¹3</span> <span class='ocrx_word' id='word_1_307' title='bbox 610 4256 676 4327; x_wconf 80' lang='lat' dir='ltr'>Idp</span> <span class='ocrx_word' id='word_1_308' title='bbox 712 4258 720 4323; x_wconf 77' lang='grc' dir='ltr'><strong><em>Η</em></strong></span> <span class='ocrx_word' id='word_1_309' title='bbox 752 4256 946 4325; x_wconf 72' lang='lat' dir='ltr'>cohortatustp</span> 
     </span>
    </p>
   </div>
   <div class='ocr_carea' id='block_1_6' title="bbox 0 0 1616 4812">
    <p class='ocr_par' dir='ltr' id='par_1_6' title="bbox 0 0 1616 4812">
     <span class='ocr_line' id='line_1_38' title="bbox 0 0 1616 4812; baseline 0 0"><span class='ocrx_word' id='word_1_310' title='bbox 0 0 1616 4812; x_wconf 95' lang='lat' dir='ltr'> </span> 
     </span>
    </p>
   </div>
  </div>
 </body>
</html>
