3218 4812
575 523 683 576 oraru
701 523 734 576 v.
755 481 830 577 car.
851 524 937 577 e-o.
1228 509 1289 571 101

194 689 312 765 atisse3
332 685 473 768 reliquas
489 691 613 768 paratas
630 685 669 748 ad
685 686 902 769 navigandum
918 691 1013 769 atque
1031 684 1178 749 omuibus
1194 685 1291 750 rebus

222 795 393 857 instructas
420 794 550 856 invenit.
602 792 714 856 eodeni
741 795 902 874 equitatus
936 795 1033 856 totius
1063 792 1182 857 Galliae
1216 813 1319 859 con-s

222 901 323 982 veuit,
346 919 480 964 numero
494 901 583 963 milia
601 900 681 982 IIII,
705 900 931 983 principesque
956 919 997 964 ex
1017 901 1166 963 omnibus
1182 900 1291 964 civita-

222 1007 320 1087 tibus3
346 1026 387 1070 ex
412 1006 529 1088 quibus
552 1025 741 1090 perpaucos
771 1026 908 1088 quorum
931 1008 965 1069 iu
989 1027 1022 1070 se
1046 1007 1142 1070 fidem
1165 1027 1319 1090 persper

223 1119 325 1195 xerat,
349 1113 530 1195 relinquere
552 1115 587 1176 iu
612 1113 728 1195 Gallia,
751 1114 892 1195 reliquos
916 1112 1065 1176 obsidum
1087 1114 1157 1177 loco
1182 1132 1292 1177 secum

181 1221 338 1286 reducere
356 1220 553 1302 decreverat,
578 1221 676 1304 quod,
701 1222 857 1303 cumipse
874 1220 1010 1302 abesset,
1028 1225 1151 1284 motum
1170 1219 1290 1284 Galliae

224 1327 401 1392 verebatur.

195 1459 207 1500 1
311 1433 388 1498 Erat
415 1454 481 1497 una
509 1455 583 1497 cunr
611 1435 724 1498 ceteris
751 1434 934 1497 Dumnorix
961 1435 1130 1516 Haeduus,
1159 1435 1198 1498 de
1213 1451 1328 1516 quoe

223 1547 296 1606 ante
321 1562 340 1604 a
362 1541 455 1605 nobis
480 1542 602 1605 dictum
625 1547 681 1605 est.
727 1541 815 1604 huno
839 1560 947 1604 secum
976 1541 1091 1604 habere
1118 1543 1153 1603 in
1180 1542 1291 1625 primis

223 1650 443 1729 constituerat,
461 1648 547 1731 quod
563 1667 637 1711 euru
654 1649 804 1732 cupidum
820 1667 929 1712 rerum
946 1667 1114 1730 novarum,
1139 1649 1291 1732 cupidum

223 1757 361 1838 imperii,
393 1757 502 1838 magni
530 1757 641 1836 animi,
674 1775 808 1838 magnae
843 1757 925 1818 inter
954 1755 1063 1818 Gallos
1097 1756 1290 1819 auctoritatis

197 1868 423 1945 scognovcrat.
469 1861 640 1925 accedebat
663 1863 739 1944 huc,
764 1861 849 1943 quod
872 1864 907 1924 iu
931 1863 1065 1926 concilio
1082 1861 1319 1927 Haeduoruma

224 1967 406 2031 Dumnorix
430 1969 554 2032 dixerat
578 1968 639 2032 sibi
662 1989 681 2031 a
702 1967 834 2032 Caesare
857 1987 993 2052 reguum
1009 1969 1145 2032 civitatis
1162 1967 1290 2048 deferri,

225 2074 310 2156 quod
341 2075 463 2138 dictum
490 2075 619 2139 Haedui
647 2077 785 2159 graviter
811 2075 954 2138 ferebant
985 2094 1090 2158 neque
1121 2075 1292 2139 recusandi

224 2186 278 2245 aut
302 2182 491 2265 deprecandi
515 2203 611 2245 causa
633 2182 756 2265 legatos
784 2183 825 2244 ad
849 2181 1015 2246 Caesarem
1042 2184 1167 2246 mittere
1195 2182 1291 2245 aude-

224 2287 308 2352 bant.
359 2288 392 2351 id
419 2290 538 2352 iactum
571 2309 613 2352 err
640 2290 707 2352 suis
736 2287 912 2372 hospitibus
946 2287 1059 2352 Caesar
1092 2293 1290 2372 cognoverat.

184 2418 210 2460 ro
224 2395 280 2458 ille
305 2395 454 2459 omuibus
470 2397 573 2480 primo
590 2395 739 2480 precibus
754 2401 862 2479 petere
878 2395 1054 2476 contendit,
1078 2400 1115 2458 ut
1136 2396 1172 2457 in
1189 2395 1319 2460 Galliae

223 2501 471 2585 relinqueretur,
495 2505 610 2586 partim
635 2503 722 2586 quod
737 2504 883 2566 insuetus
899 2501 1074 2584 navigandi
1089 2521 1176 2566 mare
1200 2503 1291 2564 time·

223 2614 285 2690 ret,
308 2611 423 2692 partim
440 2611 526 2692 quod
542 2609 753 2693 religionibus
768 2609 915 2692 impediri
931 2618 999 2672 sese
1019 2608 1144 2673 diceret.
1184 2615 1319 2691 posteat

224 2737 320 2798 quum
343 2717 378 2778 id
402 2716 558 2780 obstinate
582 2716 645 2780 sibi
667 2717 777 2800 negari
800 2717 895 2796 vidit,
919 2716 1006 2779 ouini
1022 2735 1077 2798 spe
1101 2715 1292 2798 impetrandi

223 2824 370 2906 adempta
402 2825 561 2908 principes
596 2823 716 2887 Galliae
750 2823 933 2904 sollicitare,
966 2841 1114 2886 sevocare
1148 2822 1291 2906 singulos

183 2951 209 2992 15
225 2931 406 3013 hortarique
439 2933 554 3014 coepit,
592 2931 640 2993 uti
671 2931 705 2992 in
739 2931 916 2992 continenti
948 2935 1164 3008 remanerent,
1202 2933 1319 2994 metus

224 3038 381 3100 territare:
406 3056 473 3100 nou
496 3038 565 3101 sine
589 3056 685 3100 causa
707 3036 790 3118 fieri,
822 3036 985 3099 ut‘Galiia
1009 3036 1097 3098 omni
1126 3035 1291 3100 nobilitate

224 3143 425 3226 spoliaretur;
450 3145 484 3206 id
508 3163 576 3208 esse
601 3143 771 3206 consilium
797 3142 954 3224 Caesaris,
977 3149 1025 3225 ut,
1055 3162 1135 3226 quos
1157 3143 1192 3204 in
1216 3163 1291 3207 con·

223 3255 335 3334 spectu
367 3251 488 3314 Galliae
517 3250 695 3314 interficere
724 3255 900 3330 vereretur,
933 3250 990 3312 hos
1019 3269 1130 3313 omnes
1157 3250 1192 3312 iu
1220 3251 1291 3313 Bri-

223 3358 364 3420 tauuiam
388 3357 549 3422 traductos
572 3362 712 3436 necaret,
737 3356 833 3420 fidem
849 3357 983 3439 reliquis
999 3356 1217 3439 interponere,
1240 3358 1319 3422 iuss

182 3465 395 3528 aoiurandum
423 3483 567 3549 poscere,
596 3468 645 3545 ut,
675 3464 761 3546 quod
790 3483 858 3527 esse
887 3483 928 3526 ex
957 3484 1020 3526 usu
1048 3462 1169 3526 Galliae
1197 3462 1291 3526 intel-

223 3571 389 3652 lexissent,
414 3572 577 3634 communi
600 3571 734 3634 consilio
759 3571 1024 3633 administrarent.
1070 3569 1149 3632 haec
1172 3589 1291 3632 acom-

312 3803 329 3855 6
348 3801 428 3854 totius
447 3801 541 3869 galliae
560 3800 694 3868 equitatus
712 3807 729 3867 p
760 3805 769 3868 ΗΗ
802 3801 816 3853 7
837 3799 909 3852 milia
923 3799 992 3866 HM,
1012 3798 1064 3851 mii
1079 3805 1107 3865 fl,
1126 3797 1231 3852 milium
1246 3818 1263 3850 u
1282 3797 1291 3869 ΗΗ

222 3890 240 3943 8
259 3905 356 3958 paucos
370 3909 391 3958 χ

311 3997 339 4050 6.
361 3999 374 4049 l
395 3997 560 4066 dubnorixp
597 3996 605 4064 ΗΗ
643 3996 787 4050 ‘danobis
806 3999 883 4050 antea
900 4002 927 4062 p,
950 3998 1010 4048 ante
1029 3995 1061 4048 ab
1080 3994 1156 4049 nobis
1176 4015 1193 4047 α
1230 3995 1238 4064 ΗΗ
1274 3997 1291 4049 3

222 4101 285 4139 cum
304 4092 392 4152 erup
424 4086 432 4153 ΗΗ
465 4085 525 4139 bin
547 4085 589 4152 us,
610 4085 662 4138 iarn
680 4086 743 4152 inp
774 4087 782 4154 ΗΗ
815 4085 981 4139 bdubnorix
1000 4083 1070 4152 'dl-⁹)
1108 4084 1116 4152 ΗΗ
1154 4085 1187 4139 10
1205 4084 1291 4153 preci·

223 4175 273 4228 bus
292 4174 412 4243 prirnop
442 4176 451 4244 ΗΗ
485 4175 518 4228 12
537 4190 596 4228 seso
615 4174 714 4228 diceret
732 4174 889 4242 impedirip
930 4175 938 4241 ΗΗ
980 4175 1014 4226 14
1036 4171 1189 4242 sollicitare,
1214 4189 1291 4227 seuc-

221 4279 283 4316 care
302 4263 349 4332 (133
368 4279 494 4318 reuocare
507 4263 594 4332 ZMS)
614 4263 729 4331 singulos
750 4282 780 4330 «3
800 4262 919 4331 singulos
938 4260 1090 4331 sollicitare,
1115 4277 1238 4317 seuocare
1258 4263 1291 4330 (t,

222 4368 347 4406 reuocare
366 4353 453 4421 πΗΗβ
485 4353 493 4421 ΗΗ
527 4355 560 4407 15
579 4354 609 4405 ut
628 4352 674 4419 Md
706 4352 714 4421 ΗΗ
748 4354 788 4406 15.
811 4353 843 4406 16
862 4354 937 4405 metu
955 4352 1074 4405 territare
1093 4359 1176 4419 erup
1207 4353 1215 4421 ΗΗ
1249 4353 1290 4404 17.

223 4442 257 4496 18
276 4445 447 4511 conspectum
465 4449 483 4511 β
515 4443 523 4511 ΗΗ
556 4443 597 4496 19.
618 4442 652 4496 20
671 4441 713 4495 ius
732 4441 873 4495 iurandum
892 4442 941 4494 dcl.
963 4441 1088 4495 Errssuer
