3214 4812
557 1233 916 1349 Praefatio.

654 1523 818 1539 mmmmm

282 1709 466 1764 Continentur
483 1709 536 1764 hoc
552 1707 623 1762 libro
639 1709 786 1766 hominum
803 1708 948 1763 doctorum
965 1708 1146 1774 coniecturae,
1162 1705 1264 1776 quibus

214 1794 338 1850 Caesaris
356 1794 617 1848 commentariorum
634 1793 727 1858 uerba,
751 1793 846 1864 qualia
866 1792 1062 1847 uetustissimis
1079 1791 1158 1846 librls
1175 1807 1263 1845 manu

214 1879 322 1949 scriptis
334 1877 481 1932 memoriae
492 1882 560 1932 sunt
571 1877 682 1946 tradita,
694 1878 841 1933 emendare
851 1877 943 1932 conati
955 1880 1028 1931 0001.
1053 1877 1131 1944 Quas
1143 1882 1176 1931 ut
1187 1875 1265 1931 eolll·

213 1980 315 2035 gerem,
327 1962 460 2018 tredecim
471 1979 608 2018 annorum
620 1963 710 2033 spatio
722 1962 785 2032 plus
798 1961 853 2016 tria
864 1961 941 2016 milia
952 1961 1130 2016 uoluminum
1141 1977 1265 2032 perscru-

214 2053 290 2103 tatus
303 2064 379 2102 sum:
397 2047 530 2102 editiones
546 2052 573 2102 et
583 2047 706 2102 Caesaris
721 2052 749 2101 et
757 2047 911 2102 multorum
920 2046 1085 2116 scriptorum
1094 2047 1265 2102 Graecorum

214 2133 475 2202 Romanorumque,
497 2136 563 2186 acta
584 2131 719 2186 litteraria
736 2130 1036 2202 commentationesque
1052 2131 1264 2195 academiarum,

215 2217 420 2272 dissertationes
442 2216 635 2287 inaugurales,
658 2216 768 2271 libellos
790 2217 1014 2287 gymnasiorum,
1035 2216 1162 2284 annales,
1184 2215 1266 2286 ephe·

215 2302 346 2370 merides,
373 2301 561 2369 miscellanea,
588 2301 728 2371 symbolas
752 2301 914 2370 litterarias,
940 2301 1121 2356 bibliothecas
1148 2301 1267 2368 00111000,

215 2387 483 2453 animaduersiones,
506 2386 728 2453 obseruationes,
755 2386 894 2453 analecta,
920 2385 1069 2456 opuscula,
1095 2385 1186 2439 multa
1203 2383 1266 2454 alia,

216 2488 288 2542 quae
305 2471 417 2542 quidem
434 2486 524 2541 00000
540 2470 577 2525 ad
595 2471 702 2525 exitum
720 2471 788 2524 anni
805 2472 872 2527 1891
890 2470 997 2542 publici
1013 2471 1081 2524 iuris
1098 2470 1174 2524 facta
1190 2473 1266 2524 0001.

217 2556 396 2626 Quamquam
413 2571 448 2610 ex
466 2556 590 2610 maxima
601 2556 702 2610 horum
714 2554 850 2610 librorum
862 2554 1074 2626 libellorumque
1090 2558 1178 2625 parte,
1195 2569 1266 2624 0000

216 2641 325 2712 inspexi
341 2646 370 2696 et
386 2641 528 2708 uolutaui,
554 2644 605 2695 aut
627 2639 737 2693 nullum
755 2644 805 2694 aut
821 2640 975 2694 admodum
992 2640 1126 2710 exiguum
1143 2639 1267 2694 fructum

216 2729 333 2798 percepi.
367 2726 413 2780 Ex
436 2725 576 2780 ueteribus
595 2725 719 2779 Caesaris
737 2726 1000 2780 commentariorum
1018 2723 1186 2779 editionibus
1204 2723 1268 2778 dili-

217 2816 312 2881 genter
333 2810 440 2866 contuli
464 2809 614 2863 editionem
641 2811 810 2881 principem,
834 2809 969 2864 Aldinsm
995 2810 1099 2880 (1513),
1125 2807 1265 2862 Parisinas

216 2895 372 2950 Vascosani
389 2899 417 2949 et
434 2894 505 2950 Rob.
525 2893 669 2964 Stephani,
693 2910 729 2948 ex
745 2895 941 2949 recentioribus
954 2893 1121 2960 Schneideri,
1147 2893 1268 2962 Nipper-

217 2980 271 3048 dei,
288 2980 426 3050 Frigellii,
453 2979 594 3047 Dribnerl,
620 2980 731 3034 Dinteri
748 2980 880 3050 priorem,
906 2978 1026 3033 Holderi
1043 2977 1185 3032 editiones.
1220 2977 1268 3031 In·

218 3066 297 3134 spexi
313 3070 453 3136 praeterea
470 3065 605 3119 editiones
624 3065 761 3132 Beroaldl,
779 3065 862 3119 Pauli
871 3064 1004 3131 Manutii,
1018 3063 1116 3134 Lipsii,
1134 3062 1268 3134 Scaligeri

218 3149 348 3204 omnibus
365 3147 399 3203 iis
417 3148 494 3217 locis,
512 3150 624 3220 quibus,
641 3165 707 3203 curn
718 3149 853 3204 mendum
870 3165 930 3204 esse
946 3149 1076 3218 uideatur
1086 3147 1115 3202 ln
1128 3148 1268 3204 codicibus

218 3251 305 3290 manu
322 3235 439 3304 scriptis,
462 3236 534 3289 inter
551 3251 581 3289 se
598 3234 757 3306 discrepant
771 3235 898 3289 editores.
917 3234 972 3290 Sed
989 3250 1024 3288 ex
1041 3232 1148 3304 ingenti
1165 3233 1270 3288 conlec-

219 3325 345 3375 turarum
362 3335 479 3374 numero
496 3335 553 3373 non
572 3319 661 3389 recepi
679 3335 735 3387 eas,
752 3336 824 3390 0000
837 3319 938 3374 idcirco
956 3335 973 3373 0
990 3318 1058 3372 01010
1075 3317 1163 3372 doctis
1180 3317 1270 3372 100100

219 3409 294 3472 sunt,
312 3404 386 3475 quod
405 3403 552 3459 meliorum
568 3403 705 3458 librorum
722 3420 810 3458 manu
821 3405 987 3474 scriptorum
998 3402 1144 3458 lectionem
1161 3402 1270 3472 ignora·

219 3490 303 3557 bant,
319 3483 408 3559 neque
425 3505 485 3556 eas,
511 3504 582 3559 0000
599 3504 711 3558 prorsus
728 3489 866 3543 absurdae
883 3492 958 3544 sunt.
994 3488 1083 3558 Saepe
1100 3503 1166 3541 sane
1182 3486 1270 3540 haesi·

219 3574 289 3642 tani,
306 3579 403 3628 utrum
420 3589 665 3629 commemorarem
682 3577 771 3627 certas
794 3572 930 3642 quasdam
947 3573 1118 3628 coniecturas
1135 3587 1172 3625 an
1190 3570 1270 3624 silen-

221 3659 261 3713 tio
278 3661 534 3729 praetermitterem.
579 3660 725 3713 Praestare
751 3656 845 3712 tamen
872 3657 966 3711 uisum
987 3661 1030 3712 est
1047 3673 1131 3727 quam
1149 3656 1271 3710 maxime

222 3759 282 3797 esse
298 3743 327 3797 in
344 3744 397 3799 hac
414 3760 443 3798 re
460 3743 586 3811 facilem,
612 3740 765 3806 liberalem,
783 3741 984 3813 indulgentem.
1019 3742 1119 3812 Itaque
1135 3757 1192 3795 non
1209 3755 1271 3794 rare

222 3828 390 3884 mentionem
409 3830 461 3884 feci
479 3830 708 3895 coniecturarum,
724 3843 796 3898 quae
813 3832 907 3898 aperte
922 3826 1009 3881 falsae
1023 3831 1090 3881 0001
1100 3825 1271 3896 longissime·

222 3927 276 3981 que
293 3929 311 3967 a
328 3930 394 3968 uero
412 3913 575 3981 abhorrent,
602 3914 625 3967 01
652 3917 703 3966 001
728 3912 854 3983 pluribus
880 3911 1042 3966 hominibus
1064 3911 1153 3966 doctis
1170 3910 1272 3981 dignae

222 3997 299 4052 uisae
316 4004 383 4053 sunt
400 3998 661 4055 commemoratione
684 3997 834 4052 antiocus
860 3995 920 4063 ille,
946 4011 1029 4065 quem
1056 4011 1154 4050 sanare
1170 4011 1272 4050 conan-

222 4085 280 4147 tur,
307 4099 420 4154 prorsus
437 4088 479 4138 est
496 4083 666 4153 desperatus.
702 4081 877 4137 Recentiores
899 4080 1015 4148 codices,
1032 4082 1136 4151 quippe
1152 4080 1200 4151 qui
1218 4081 1272 4134 orl·

222 4167 315 4236 glnem
332 4168 437 4223 ducant
456 4183 552 4222 omnes
569 4183 604 4222 ex
615 4166 824 4234 uetustioribus,
842 4166 890 4236 qui
907 4165 992 4220 etlam
1009 4181 1085 4220 nunc
1102 4169 1221 4229 exstant,
1239 4165 1271 4220 in
1364 4155 1367 4162 ’
