3218 4812
267 282 329 345 110
666 297 771 352 BELLl
790 297 933 352 GALLlCl

265 498 306 508 -
336 461 428 524 cuius
458 464 549 544 paler
579 461 614 523 in
642 479 679 524 ea
706 461 835 524 civitate
862 480 996 545 reguum
1025 462 1204 525 obtinuerat
1235 463 1332 525 inter-

262 569 429 650 fectusque
452 573 520 631 erat
535 587 553 630 a
569 566 820 650 Cassivellauno,
839 569 907 651 ipse
924 568 1000 652 fuga
1014 574 1148 632 mortem
1168 569 1361 651 vitaverats

236 698 306 740 2-
335 675 455 757 legatos
483 675 523 738 ad
551 673 719 738 Caesarem
750 675 882 739 mittunt
914 675 1168 759 pollicenturque
1200 694 1269 739 seso
1303 677 1331 739 ei

236 781 429 847 adedituros
452 785 549 862 atque
572 782 725 864 imperata
746 783 899 862 fortuma,
927 787 1052 865 petunt,
1080 787 1116 845 ut
1138 782 1332 846 Mandubra-

265 889 352 952 cium
376 887 415 951 ab
439 888 557 950 iniuria
580 886 808 952 Cassivellauni
835 888 982 952 defendat
1000 894 1095 970 atque
1118 890 1152 952 in
1169 890 1331 953 civitatem

235 996 381 1076 rmittat,
406 995 461 1077 qui
484 995 600 1079 praesit
621 995 858 1078 imperiumque
881 994 1029 1058 obtineat.
1067 996 1116 1059 his
1136 995 1251 1059 Caesar
1273 997 1331 1058 im-

262 1106 352 1185 perat
375 1101 503 1165 obsides
522 1101 582 1165 XL
596 1101 858 1182 frumentumque
873 1103 1031 1166 exercitui
1051 1101 1330 1166 Mandubracium-
1345 1125 1373 1167 ro

264 1227 327 1291 que
350 1209 390 1272 ad
413 1227 467 1272 eos
490 1209 595 1272 mittit
633 1208 681 1271 illi
696 1208 851 1292 imperata
867 1209 1010 1273 celeriter
1025 1210 1180 1292 lecerunt,
1205 1209 1331 1274 obsides

207 1324 243 1379 21
263 1317 303 1379 ad
325 1334 497 1379 numerum
520 1315 782 1397 frumentumque
800 1317 963 1380 miserunt.
1008 1316 1257 1380 Trinouantibus
1278 1316 1358 1383 der
1451 1327 1456 1336 '

262 1423 359 1486 sensis
383 1426 479 1505 atque
502 1422 541 1486 ab
562 1424 649 1486 omni
664 1423 803 1486 militum
819 1424 936 1485 iniuria
951 1422 1116 1505 prohibitis
1136 1421 1330 1506 Cenimagni,

263 1528 455 1614 Segontiaoi,
483 1531 660 1613 Ancalites,
693 1530 835 1611 Bibroci,
868 1529 958 1593 Cassi
986 1529 1198 1614 legationibus
1227 1532 1331 1594 missis

235 1655 332 1704 esese
356 1636 482 1701 Caesari
506 1637 635 1700 dedunt.
681 1637 721 1700 ab
745 1637 795 1700 his
819 1638 981 1720 cognoscit
1007 1655 1072 1700 nou
1101 1636 1196 1720 louge
1224 1656 1265 1700 ex
1293 1656 1329 1700 eo

262 1744 331 1808 loco
367 1744 519 1828 oppidum
554 1743 787 1808 Cassivellauni
824 1743 933 1810 abesse
969 1744 1058 1807 silvis
1093 1743 1357 1827 paludibusquea

262 1853 437 1932 munitum,
465 1871 528 1932 quo
553 1852 628 1914 satis
651 1870 786 1933 magnus
809 1851 977 1914 hominum
1005 1853 1192 1934 pecorisque
1220 1869 1331 1914 nume·

234 1977 318 2024 arus
351 1958 542 2024 convenerit.
595 1957 747 2040 oppidum
779 1962 886 2020 autem
909 1957 1063 2020 'Britanni
1095 1963 1224 2040 vocant,
1257 1977 1331 2020 cum

262 2065 360 2127 silvas
383 2063 551 2147 impeditas
574 2063 657 2127 vallo
682 2069 777 2146 atque
799 2064 884 2127 fossa
906 2065 1104 2145 munierunt,
1133 2084 1197 2147 quo
1225 2066 1331 2128 incur-

235 2172 361 2235 4sionis
385 2171 523 2234 hostium
546 2170 695 2234 vitandae
723 2190 818 2234 eausa
845 2173 1017 2235 convenire
1045 2176 1246 2235 consuerunt.
1293 2190 1330 2234 eo

261 2278 473 2362 proficiscitur
496 2298 569 2341 cum
591 2277 784 2361 legionibus:
808 2279 915 2341 locum
937 2280 1055 2362 reperit
1071 2279 1196 2362 egregie
1212 2283 1327 2341 natura
1340 2297 1369 2340 ro

263 2390 358 2467 atque
387 2402 480 2469 opere
507 2386 682 2466 munitum,
716 2390 824 2449 tamen
850 2386 938 2448 hunc
966 2385 1090 2449 duabus
1118 2403 1160 2448 ex
1188 2385 1330 2469 partibus

234 2511 446 2576 aoppugnare
480 2492 651 2556 contendit.
709 2492 815 2556 hostes
849 2493 1011 2576 paulisper
1041 2493 1155 2555 morati
1192 2492 1328 2555 militum

261 2605 443 2663 nostrorum
471 2600 626 2682 impetum
654 2617 719 2661 non
747 2598 890 2662 tulerunt
918 2617 1051 2680 seseque
1083 2600 1145 2662 alia
1173 2618 1214 2662 ex
1242 2604 1330 2682 parte

234 2707 369 2790 ooppidi
397 2707 565 2770 eiecerunt.
616 2725 751 2788 magnus
778 2705 824 2768 ibi
853 2724 1006 2770 numerus
1034 2707 1158 2788 pecoris
1185 2711 1329 2789 repertus

165 2865 171 2875 .
261 2814 418 2894 multique
440 2815 474 2877 in
497 2814 574 2896 fuga
596 2818 672 2876 sunt
695 2813 914 2896 comprehensi
936 2797 1031 2894 atque
1055 2812 1219 2875 interfecti.
1342 2831 1369 2873 rs

205 2932 242 2987 22
350 2920 435 2984 Dum
459 2921 537 2984 haee
565 2921 599 2982 in
627 2921 677 2983 his
699 2919 778 2982 loeis
805 2924 974 3002 geruntur,
1003 2917 1260 2982 Cassivellaunus
1288 2918 1371 2981 adr·

262 3025 425 3109 Cantium,
450 3028 536 3108 quod
560 3046 629 3092 esse
653 3027 692 3090 ad
712 3046 799 3090 mare
818 3046 915 3109 supra
933 3026 1234 3108 demonstravimus,
1259 3027 1328 3108 qui-

261 3134 322 3198 bus
345 3133 529 3217 regionibus
549 3133 616 3197 ΙΙΠ
630 3153 721 3216 roges
740 3137 919 3215 praeerant,
943 3131 1139 3216 Cingetoriir,
1164 3130 1328 3214 Carvilius

260 3240 500 3324 Taximagulus,
524 3239 684 3323 Segouax,
712 3241 841 3302 nuntios
865 3241 962 3302 mittit
985 3244 1080 3323 atque
1107 3240 1156 3303 his
1184 3240 1328 3323 imperat,
1416 3223 1419 3228 Δ

350 3437 367 3488 4
385 3434 468 3504 pater]
487 3432 687 3486 inienuueiilius
710 3432 772 3486 odd.
792 3451 820 3502 p,
843 3432 1045 3487 iuianuuetutus
1068 3433 1129 3486 cdd.
1149 3433 1174 3501 f;
1198 3431 1327 3486 inlanoui·

260 3528 303 3579 tus
322 3525 369 3578 Bm
401 3524 410 3589 11
442 3523 591 3577 obtinuerat
608 3521 648 3589 X3
666 3523 788 3575 tenuerat
806 3521 836 3574 (1ι
868 3522 877 3590 11
909 3521 1169 3589 boassibellaunofl
1205 3523 1213 3591 11
1251 3524 1328 3575 lat·

260 3630 312 3683 que
331 3632 361 3680 ας
380 3614 441 3678 etit
473 3613 481 3680 11
513 3613 537 3665 7.
556 3610 574 3664 8
593 3610 805 3665 mardubratium
820 3610 880 3677 A&
900 3611 1118 3664 mandrubacium
1137 3612 1326 3679 o31nandrus-

260 3703 361 3757 balium
380 3701 405 3770 f,
424 3701 676 3770 mandrobaciump
707 3701 716 3769 11
748 3698 969 3754 Scassibellauni
988 3700 1072 3769 lr(t?);
1096 3700 1269 3756 casiuellauui
1288 3697 1330 3770 [11
1390 3749 1401 3766 ,

260 3791 332 3844 elis
352 3809 369 3841 u
402 3791 410 3859 11
445 3789 485 3844 10.
507 3792 537 3842 11
558 3788 891 3856 maudrubaciumqueclr3
910 3788 1227 3859 mundrusbatiumquef
1253 3790 1261 3858 11
1295 3789 1328 3841 12

259 3875 443 3947 frumentaque
467 3877 506 3944 Qu
564 3887 565 3890 ’

232 3997 235 4008 ·
347 3968 394 4021 21.
414 3967 430 4020 2
449 3967 633 4020 cenimannib
664 3967 672 4035 11
710 3966 952 4021 3bibrocilussiS
981 3967 989 4035 11
1021 3968 1089 4021 liis
1109 3988 1126 4019 u
1163 3968 1171 4036 11
1205 3967 1230 4021 8.
1250 3968 1267 4021 9
1287 3969 1327 4020 in-

258 4057 394 4113 cursiones
414 4056 457 4110 Sn
489 4055 497 4123 11
529 4056 665 4109 {luitardi
685 4075 706 4108 π
738 4057 746 4126 11
780 4057 813 4108 13
832 4072 866 4109 ex
885 4056 971 4123 aliast

346 4146 393 4200 22.
414 4147 426 4198 1
448 4145 518 4198 Dum
537 4151 566 4213 β;
587 4144 651 4198 Cum
673 4165 690 4196 u
722 4146 730 4214 11
766 4146 799 4199 iis
819 4166 836 4197 n
868 4148 877 4212 11
909 4145 1119 4199 cassinellaunus
1140 4145 1189 4213 8433
1213 4145 1326 4198 casiuel-

257 4238 353 4292 launus
374 4234 410 4302 uf
436 4236 445 4304 11
477 4235 581 4289 411811
