3214 4812
313 375 377 438 230
711 389 817 444 BnLLI
840 389 982 443 GALLICI

312 557 491 618 armaturae
513 551 649 636 pediteS,
673 573 752 635 quos
776 558 850 616 aute
872 553 1014 636 legiones
1037 553 1150 616 missos
1174 552 1282 633 docui,
1311 558 1379 616 tur-

283 661 435 742 emisque
458 662 639 722 nostrorum
666 660 843 743 interpositi
871 663 1051 724 constanter
1078 658 1281 743 proeliantur.
1319 679 1379 742 pu-

311 773 426 848 gnatur
442 766 640 849 aliquamdiu
655 767 724 850 pari
740 767 957 844 contentione3
983 766 1106 846 deinde,
1123 771 1159 828 ut
1173 768 1253 829 ratio
1269 771 1378 849 postu·
1394 794 1421 835 10

311 872 396 936 labat
417 873 543 956 proelii,
567 873 623 955 qui
645 874 862 936 sustinuerant
884 873 1003 956 primos
1023 875 1160 955 impetus
1180 872 1377 955 insidiarum,

311 980 372 1042 hoc
398 980 467 1063 ipso
495 978 578 1042 fiunt
604 980 795 1061 superiores,
824 979 909 1060 quod
933 979 1060 1043 nullum
1087 979 1126 1042 ab
1153 979 1378 1043 insidiantibus

283 1087 528 1170 rimprudentes
560 1091 746 1169 acceperant
778 1087 1010 1150 detrimentum.
1060 1087 1215 1150 accedunt
1246 1087 1378 1169 propius

312 1194 441 1256 interim
463 1193 617 1276 legiones,
646 1192 813 1276 crebrique
841 1194 953 1256 eodem
980 1199 1121 1276 tempore
1149 1199 1180 1257 et
1207 1195 1378 1256 nostriset

311 1298 457 1363 hostibus
480 1301 586 1364 nuntii
610 1299 808 1379 adferuntur,
836 1301 1057 1382 imperatorem
1086 1301 1250 1363 instructis
1278 1301 1378 1382 copiis
1393 1326 1419 1367 15

284 1407 429 1471 sedasse.
469 1427 531 1489 qua
554 1426 589 1470 re
613 1407 741 1490 cognita
763 1405 921 1489 praesidio
941 1407 1121 1470 cohortium
1145 1405 1257 1469 confisi
1277 1407 1378 1470 nostri

312 1514 463 1576 acerrime
487 1514 695 1595 proeliantur,
718 1531 772 1594 ne,
796 1515 824 1576 si
847 1513 968 1578 tardius
987 1533 1055 1576 rem
1073 1515 1255 1597 gessissent,
1279 1514 1378 1576 victo-

311 1621 378 1682 riae
410 1620 544 1703 gloriam
576 1622 830 1684 communicasse
862 1640 936 1683 curn
968 1619 1150 1704 legionibus
1181 1620 1377 1698 viderentur3

283 1728 417 1792 chostes
445 1727 620 1790 concidunt
647 1729 761 1790 animis
790 1735 886 1811 atque
914 1727 1080 1791 itineribus
1110 1727 1243 1791 diversis
1270 1727 1378 1810 fugam

313 1840 476 1917 quaerunt.
514 1836 723 1917 nequiquam:
748 1854 823 1897 nam
842 1835 958 1916 quibus
977 1833 1216 1898 difficultatibus
1234 1835 1379 1898 locorum
1392 1859 1420 1900 20

284 1941 470 2006 rRumanos
504 1940 650 2004 claudere
680 1941 862 2024 voluerant,
893 1943 933 2004 iis
964 1942 1026 2024 ipsi
1058 1940 1256 2004 tenebantur.
1303 1941 1378 2003 victi

312 2047 438 2110 tandem
464 2048 665 2131 perculsique
692 2051 812 2112 maiore
839 2054 928 2132 parte
955 2051 1070 2111 amissa
1093 2049 1286 2111 consternati
1308 2067 1378 2131 pro-

311 2153 440 2236 fugiunt
459 2157 575 2238 partim
590 2155 679 2218 silvis
694 2157 815 2238 petitis,
838 2157 951 2238 partim
971 2154 1119 2238 flumine,
1139 2191 1181 2199 —
1201 2156 1257 2237 qui
1272 2161 1376 2218 misnen

283 2284 298 2325 a
313 2261 347 2322 in
361 2261 438 2344 luga
454 2281 472 2324 a
487 2265 604 2325 nostris
620 2264 735 2325 acriter
750 2262 994 2345 insequentibus
1011 2261 1229 2344 conficiuntur,
1242 2299 1284 2308 —
1304 2279 1376 2323 cum

313 2368 442 2431 interim
470 2369 558 2431 nulla
586 2369 763 2433 calamitate
787 2371 890 2432 victus
915 2368 1048 2432 Correus
1078 2368 1230 2432 excedere
1259 2368 1376 2450 proelio
1392 2390 1419 2431 as

312 2475 475 2556 silvasque
502 2487 608 2558 petere
641 2483 696 2540 aut
722 2476 933 2540 invitantibus
966 2478 1084 2539 nostris
1112 2476 1152 2539 ad
1184 2475 1377 2538 deditionem

312 2583 414 2664 potuit
446 2581 575 2664 adduci,
609 2585 687 2665 quin
718 2583 888 2646 fortissime
919 2582 1102 2666 proeliando
1136 2582 1379 2665 compluresque

312 2687 510 2752 vulnerando
539 2694 665 2772 cogeret
697 2690 795 2753 elatos
823 2690 988 2753 iracundia
1016 2691 1150 2753 victores
1182 2691 1217 2751 in
1250 2709 1284 2752 se
1317 2687 1378 2751 tela

312 2797 443 2859 coicere.

256 2918 294 2973 ρο
400 2902 466 2966 Tali
495 2903 588 2966 modo
621 2922 656 2966 re
689 2909 776 2987 gesta
807 2903 988 2968 recentibus
1016 2904 1131 2987 proelii
1157 2905 1302 2986 vestigiis
1329 2903 1404 2964 in-1

164 2994 166 2998 ¹
311 3029 440 3092 gressus
467 3008 593 3091 Caesar,
626 3030 698 3074 cum
728 3012 828 3074 victos
856 3017 942 3075 tanta
974 3011 1150 3074 calamitate
1183 3011 1379 3073 existimaret

311 3117 416 3179 hostes
444 3119 556 3179 nuntio
585 3124 713 3200 accepto
746 3118 852 3181 locum
880 3123 1055 3182 castrorum
1083 3118 1263 3198 relicturos,
1297 3135 1378 3198 quae

313 3242 376 3300 non
401 3222 528 3304 longius
551 3224 590 3286 ab
614 3243 650 3286 ea
674 3223 770 3288 caede
794 3224 903 3288 abesse
925 3225 997 3307 plus
1021 3226 1127 3287 minus
1150 3223 1232 3286 VIII
1248 3224 1377 3286 milibus

313 3328 508 3413 dicebantur,
532 3332 656 3393 tametsi
679 3329 812 3393 flumine
835 3330 1023 3413 impeditum
1046 3332 1214 3394 transitum
1239 3331 1405 3413 videbatis

282 3441 417 3502 atamen
450 3438 593 3500 exercitu
624 3437 768 3500 traducto
800 3437 1008 3521 progreditur.
1055 3442 1086 3500 at
1113 3438 1277 3501 Bellovaci
1305 3437 1378 3499 reli-

313 3562 459 3626 quaeque
483 3545 626 3608 civitates
654 3550 782 3627 repente
811 3565 852 3609 ex
878 3545 954 3627 iuga
982 3545 1091 3627 paucis
1119 3550 1214 3627 atque
1237 3546 1286 3608 his
1310 3544 1378 3607 vul-

312 3651 429 3714 neratis
453 3653 601 3734 receptis,
626 3653 681 3734 qui
704 3652 857 3714 silvarum
876 3650 1030 3716 beneficio
1047 3671 1157 3715 casum
1173 3653 1378 3733 evitaverunt,

399 3862 532 3917 8missos
552 3881 581 3929 a;
600 3863 695 3916 missos
714 3869 809 3928 essert
841 3862 849 3930 tl
881 3862 1077 3931 9interpositis
1097 3883 1114 3915 u
1147 3865 1156 3928 ll
1189 3865 1220 3916 11
1240 3863 1378 3916 insidiato·

311 3967 371 4003 rum
389 3951 483 4005 Jorio.
516 3954 525 4017 ΙΙ
559 3953 592 4004 14
610 3952 763 4020 crebrisque
775 3958 792 4017 β
823 3956 832 4018 ΙΙ
864 3953 999 4006 etnostris
1013 3972 1043 4018 u;
1062 3953 1187 4020 nostrisfl
1220 3953 1228 4020 ll
1263 3955 1295 4006 15
1309 3968 1377 4005 nun-

308 4040 349 4092 tia
367 4041 557 4108 deferunturfl
592 4041 600 4108 ll
638 4042 671 4095 19
690 4042 778 4110 atque]
798 4041 825 4094 in
844 4041 906 4094 cdd.
931 4061 948 4093 u
989 4042 997 4109 ΙΙ
1039 4042 1070 4094 21
1095 4042 1128 4095 iis
1148 4042 1200 4110 (his
1220 4041 1253 4109 S)
1273 4060 1303 4108 α;
1324 4058 1376 4094 om.

311 4135 329 4195 β
359 4129 368 4196 ll
400 4129 434 4181 22
457 4131 563 4183 tandem
580 4130 683 4197 Ciacc.;
701 4133 792 4183 tamen
809 4131 841 4183 X
869 4131 877 4198 tl
910 4131 1068 4184 consternati
1090 4149 1119 4198 u3
1138 4147 1190 4199 quo
1212 4131 1266 4184 fors
1280 4129 1377 4184 tulerat

308 4219 469 4272 consternati
487 4226 504 4286 β
526 4220 535 4288 ll
559 4220 593 4272 24
611 4236 627 4273 a
645 4226 728 4286 orrad
750 4221 758 4289 ll
781 4220 815 4274 25
835 4220 947 4274 corbeus
961 4239 978 4271 u
1004 4219 1012 4286 ll
1036 4220 1070 4274 28
1083 4220 1167 4274 elatos
1180 4227 1263 4287 errari

401 4309 446 4364 20.
466 4309 482 4360 4
501 4309 562 4377 plus
581 4309 669 4362 miuus
687 4309 726 4376 X3
746 4325 874 4376 passuum
892 4308 970 4377 Frip.
1004 4310 1012 4377 ll
1043 4309 1210 4364 8euitarant
1229 4328 1251 4361 π
