3218 4812
595 417 702 471 LIBER
720 417 753 470 V.
774 416 850 472 CAP.
871 417 992 472 23-27.
1265 405 1327 466 113

262 580 376 645 Caesar
404 601 459 663 pro
488 582 558 644 eius
586 582 702 644 virtute
731 584 826 663 atque
854 582 888 644 in
916 600 949 644 se
977 580 1213 663 benevolentia,
1243 581 1329 663 quod

260 690 295 751 in
321 688 469 752 omnibus
492 687 585 751 bellis
609 688 763 770 singulari
786 689 854 750 eius
879 706 975 770 opera
996 688 1100 751 iuerat
1114 707 1206 770 usus,
1230 690 1329 752 maio-

232 815 332 861 arum
354 796 461 858 locum
484 796 673 858 restituerat.
721 795 850 857 tertium
874 795 937 856 iam
953 795 1039 857 hunc
1056 814 1178 858 annum
1192 815 1356 878 regnan-s

261 908 324 966 tem
347 902 470 964 inimici
494 901 598 984 palam
622 900 730 964 multis
754 919 795 963 ex
812 901 938 964 ciuitate
955 901 1138 964 auctoribus
1161 901 1328 966 interfece-

260 1014 343 1072 rrmt.
390 1008 529 1072 defertur
556 1027 671 1071 cares
700 1007 739 1070 ad
768 1006 942 1071 Caesarem.
993 1007 1047 1070 ille
1080 1009 1215 1086 veritus,
1244 1011 1356 1090 quode

261 1116 300 1178 ad
323 1115 430 1199 plures
453 1115 645 1199 pertinebat,
668 1133 710 1177 ne
734 1115 845 1177 civitas
871 1134 983 1178 eorum
1006 1115 1147 1198 impulsu
1172 1115 1329 1199 deficeret,

260 1221 293 1286 L.
317 1223 473 1286 Plancum
496 1242 571 1285 oum
593 1221 719 1304 legione
744 1241 785 1284 ex
809 1220 918 1304 Belgio
943 1221 1088 1285 celeriter
1115 1223 1149 1284 in
1174 1220 1329 1287 Carnutes

221 1353 248 1395 ro
261 1328 417 1411 proficisci
439 1329 530 1392 iubet
551 1329 660 1411 ibique
684 1329 837 1411 hiemare,
863 1348 1064 1411 quorumque
1093 1347 1188 1412 opera
1211 1349 1329 1412 cogno-

261 1436 343 1500 verit
365 1434 546 1518 Tasgetium
568 1436 785 1517 interfectum,
808 1436 865 1498 hos
882 1436 1126 1519 comprehensos
1142 1436 1182 1498 ad
1206 1456 1239 1500 se
1257 1437 1330 1499 mit-

261 1547 335 1606 tere.
374 1544 502 1606 interim
519 1542 557 1605 ab
575 1537 724 1606 omnibus
741 1541 864 1626 [legatis
881 1541 1192 1626 quaestoribusquel,
1213 1543 1356 1624 quibust

261 1649 403 1732 legiones
427 1649 613 1731 tradiderat,
641 1650 756 1713 certior
778 1649 879 1713 factus
903 1654 951 1712 est
977 1651 1013 1712 in
1035 1650 1169 1713 hiberna
1196 1669 1329 1733 perven-

261 1761 330 1820 tum
351 1757 523 1838 locumque
546 1756 687 1820 hibernis
711 1775 779 1819 esse
803 1758 971 1819 munitum.

236 1886 248 1927 1
350 1863 473 1927 Diebus
496 1865 622 1926 circiter
643 1863 717 1946 XV,
746 1864 862 1947 quibus
890 1865 925 1925 in
952 1863 1086 1926 hiberna
1114 1869 1247 1927 ventum
1273 1869 1329 1945 est,
1347 1881 1384 1935 26

262 1972 389 2034 initium
422 1973 582 2054 repentini
616 1971 772 2034 tumultus
801 1989 837 2033 ac
867 1969 1052 2034 deiectionis
1081 1976 1186 2034 ortu'm
1214 1977 1262 2035 est
1289 1973 1328 2035 ab

262 2079 447 2161 Ambiorige
472 2083 503 2140 et
526 2075 711 2157 Catuvolco;
737 2079 793 2158 qui
817 2097 891 2140 curn
914 2076 1058 2142 adfines
1085 2079 1177 2161 regui
1200 2080 1250 2141 sui
1274 2078 1356 2142 Sao

263 2184 338 2248 bino
363 2183 536 2266 Cottaeque
559 2189 684 2266 praesto
707 2184 843 2248 fuissent
857 2184 1117 2266 frumentumque
1140 2187 1175 2249 in
1196 2186 1329 2251 hiberna

235 2292 558 2374 ocomportavissent,
581 2291 793 2354 Indutiomari
815 2291 944 2355 &everi
967 2294 1089 2355 nuntiis
1109 2294 1240 2376 impulsi
1255 2314 1330 2357 suos

263 2399 505 2461 concitaverunt
520 2397 689 2480 subitoque
702 2399 861 2480 oppressis
876 2399 1086 2481 lignatoribus
1101 2421 1218 2482 magna
1232 2421 1329 2464 manu

264 2506 302 2568 ad
336 2510 438 2568 castra
472 2505 686 2588 oppugnanda
721 2510 887 2568 venerunt.
938 2525 1012 2569 cum
1047 2508 1193 2571 celeriter
1229 2510 1357 2572 nostris

263 2631 351 2674 arma
373 2613 532 2694 cepissent
554 2612 736 2693 vallumque
753 2613 971 2676 ascendissent
993 2618 1088 2695 atque
1105 2635 1169 2677 una
1184 2621 1329 2698 exparte

263 2718 415 2802 Hispanis
453 2719 615 2802 equitibus
653 2720 776 2782 emissis
814 2721 955 2801 equestri
991 2720 1112 2804 proelio
1150 2724 1330 2805 superiores

223 2845 249 2888 ιο
262 2826 407 2908 fuissent,
432 2826 596 2909 desperata
624 2845 658 2889 re
681 2827 786 2889 hostes
810 2845 884 2889 suos
908 2827 946 2889 ab
971 2829 1207 2910 oppugnatione
1235 2830 1329 2892 redu-

262 2938 389 2996 xerunt.
436 2937 504 2996 tum
539 2952 597 2995 suo
630 2953 717 2996 more
751 2932 1044 3014 conclamaverunt,
1077 2935 1125 2996 uti
1153 2935 1254 3016 aliqui
1288 2953 1357 3000 exr

262 3041 379 3102 nostris
403 3041 443 3102 ad
467 3039 673 3121 conloquium
695 3040 849 3123 prodiret:
874 3039 991 3104 habere
1015 3059 1098 3123 sese,
1128 3060 1208 3123 quae
1233 3043 1272 3105 de
1295 3063 1329 3106 re

264 3148 424 3209 communi
448 3147 552 3210 dicere
576 3147 704 3230 vellent,
730 3146 845 3228 quibus
868 3146 963 3209 rebus
980 3150 1210 3211 controversias
1226 3150 1330 3212 minui

236 3272 354 3335 rposse
387 3260 557 3336 sperarent.
609 3253 745 3316 Mittitur
776 3253 817 3316 ad
845 3271 898 3316 eos
927 3253 1142 3334 conloquendi
1174 3275 1269 3318 causa
1298 3254 1328 3317 O.
1347 3264 1382 3318 27

352 3451 368 3502 b'
388 3448 486 3501 inimici
504 3455 531 3514 β;
551 3447 664 3501 inimicis
683 3448 736 3501 iam
757 3466 773 3498 a
796 3448 804 3515 d
828 3445 914 3515 palam
928 3445 1019 3499 multis
1030 3454 1059 3515 βς
1079 3447 1171 3502 multis
1184 3447 1271 3516 palam
1285 3467 1302 3499 a
1321 3447 1329 3519 d

263 3536 414 3590 auctoribus
432 3544 461 3604 β;
481 3539 507 3590 et
525 3536 557 3589 iis
576 3537 727 3590 auctoribus
746 3553 807 3589 eum
828 3555 845 3586 a
877 3537 885 3605 d
918 3536 1053 3590 9lucium
1073 3555 1103 3602 a,
1122 3544 1211 3603 onaf}
1236 3539 1244 3606 d
1273 3553 1330 3590 oar-

264 3627 339 3679 notes
357 3645 379 3677 π
420 3627 429 3691 d
471 3626 512 3680 10.
533 3628 564 3678 11
585 3628 745 3695 cognouerat
764 3645 781 3676 a
822 3626 830 3693 b
873 3625 906 3677 12
924 3625 1017 3693 legatis
1036 3626 1271 3694 quaestoribusque
1290 3627 1329 3693 X3

263 3713 312 3766 del.
332 3714 444 3781 Wbitte3
463 3714 557 3784 legatis
571 3717 762 3783 quaestoreque
780 3713 869 3766 Oinoe.
897 3715 905 3778 tl
933 3716 966 3766 14
985 3713 1101 3766 hibernis
1120 3715 1169 3767 del.
1190 3715 1274 3768 Vielb.

352 3805 397 3860 26.
418 3805 433 3857 3
453 3803 593 3858 catuuulco
613 3822 642 3870 a,
662 3802 843 3871 patutulloofl
875 3804 883 3872 d
915 3803 1107 3856 dirumentum
1127 3803 1188 3870 inp
1219 3805 1227 3872 d
1260 3805 1330 3858 bin-

263 3893 409 3946 dueiomari
423 3892 462 3962 pf
488 3893 497 3961 d
528 3893 619 3946 treuiri
637 3911 665 3959 a3
684 3893 809 3962 trebirip
841 3893 849 3956 ll
882 3893 1129 3960 ioppugnandafl3
1149 3897 1330 3963 oppugnatum

264 4001 282 4033 a
314 3983 322 4051 d
353 3982 443 4036 8una
462 3999 495 4035 ex
514 3985 588 4050 parte
607 3982 646 4049 X;
667 3983 811 4035 decumana
830 3983 905 4049 porta
918 3981 993 4034 Paul
1024 3981 1032 4050 tl
1065 3982 1223 4049 9missisd
1255 3985 1263 4052 d
1298 3984 1331 4037 10

263 4071 296 4124 ab
315 4071 506 4139 oppugnatione
526 4078 623 4137 suosd
654 4071 663 4138 b
696 4071 727 4122 11
749 4086 796 4146 suo
815 4086 888 4123 more
907 4070 956 4123 del.
977 4069 1086 4124 RScba.
1120 4070 1128 4137 tt
1160 4073 1224 4139 utp
1255 4077 1263 4140 [t
1298 4073 1330 4124 12

263 4176 331 4228 qnae
351 4179 381 4227 ας
401 4162 506 4228 quode

352 4249 397 4304 27.
419 4252 432 4302 1
453 4249 627 4317 conloquendi
646 4265 726 4302 causa
745 4257 833 4316 outtpl
865 4251 873 4318 d
911 4251 934 4302 1.
956 4249 972 4301 2
990 4249 1065 4317 gaius
1084 4251 1232 4318 carpiueius
1253 4269 1282 4316 u;
1307 4267 1329 4302 c.

262 4337 415 4407 arpiniuspt

308 4443 387 4486 Caesar
400 4445 417 4486 I.
433 4446 466 4488 ed,
482 4445 571 4488 lleusel.
1153 4446 1170 4498 8
