3214 4812
283 323 347 386 238
681 337 787 392 BELLI
806 337 948 392 GALLICI

281 500 464 584 pedimenta
486 501 718 583 oppidanorum
735 501 871 584 videret,
896 520 976 585 quae
1000 501 1029 564 si
1052 500 1251 564 clandestina
1272 500 1379 584 fugas

281 607 468 672 subtrahere
492 613 698 691 conarentur,
722 607 860 692 effugere
881 627 945 670 non
964 607 1060 672 modo
1080 609 1269 690 equitatum,
1292 606 1348 671 sed

281 733 322 778 ne
345 715 485 796 legiones
514 715 644 797 quidem
671 720 812 798 possent,
840 716 996 797 tripertito
1024 713 1207 777 cohortibus
1236 715 1347 777 divisis

253 823 363 886 ctrina
391 821 607 885 excelsissimo
640 822 709 885 loco
743 827 847 885 castra
873 822 959 901 fecit,
994 841 1013 883 a
1041 821 1157 902 quibus
1185 821 1346 904 paulatim,

281 934 435 1010 quantum
459 929 567 1011 copiae
590 929 804 1012 patiebantur,
833 927 953 991 vallum
980 930 1015 991 in
1039 929 1148 1011 oppidi
1175 929 1347 991 circuitum

225 1051 260 1106 34
280 1036 396 1100 ducere
419 1037 564 1099 institnit.
603 1033 696 1108 Quod
716 1055 790 1098 cum
811 1035 1102 1098 animadverterent
1117 1034 1268 1117 oppidani
1288 1035 1375 1098 mir

280 1144 475 1225 serrimaque
490 1142 618 1205 Alesiae
633 1143 788 1206 memoria
808 1142 936 1206 solliciti
956 1142 1094 1204 similem
1114 1161 1223 1205 casum
1240 1141 1347 1204 obses·

279 1250 378 1312 sionis
403 1254 589 1312 vererentur
611 1251 816 1331 maximeque
845 1268 886 1312 ex
910 1249 1060 1311 omnibus
1083 1247 1263 1329 Lucterius,
1292 1249 1348 1330 qui

242 1383 245 1388 ·
278 1355 425 1420 fortunae
448 1356 535 1419 illius
557 1356 735 1439 periculum
758 1356 888 1438 fecerat,
912 1360 1055 1419 moneret
1076 1354 1228 1418 frumenti
1250 1357 1347 1417 ratio·

278 1483 352 1526 nem
376 1481 445 1527 esse
469 1462 659 1545 habendam,
688 1464 886 1526 constituunt
909 1463 1053 1526 omnium
1077 1481 1236 1526 consensu
1257 1467 1376 1545 partes

278 1571 324 1634 ibi
347 1570 459 1633 relicta
481 1570 644 1652 copiarum
672 1570 735 1652 ipsi
764 1589 837 1632 cum
860 1570 1018 1653 expeditis
1047 1568 1086 1631 ad
1112 1569 1346 1652 importandum

252 1678 475 1740 atramentum
498 1675 665 1760 proficisci.
710 1695 747 1740 eo
771 1677 904 1739 consilio
928 1675 1059 1759 probato
1084 1677 1231 1759 proxima
1253 1680 1346 1739 nocte

280 1784 404 1847 duobus
436 1783 568 1846 milibus
602 1788 795 1846 armatorum
828 1783 947 1847 relictis
982 1783 1122 1865 reliquos
1157 1801 1198 1844 ex
1231 1783 1345 1866 oppido

253 1889 422 1973 sDrappes
446 1894 477 1953 et
499 1889 666 1952 Lucterius
689 1890 838 1953 educunt.
880 1890 913 1951 hi
935 1908 1053 1973 paucos
1077 1888 1144 1952 dies
1167 1889 1282 1952 morati
1305 1909 1346 1953 ex

278 1996 397 2060 finibus
419 1995 651 2076 Cadurcorum,
676 1998 730 2077 qui
753 1998 867 2080 partim
890 2015 926 2061 re
949 1996 1156 2059 frumentaria
1179 1996 1390 2060 sublevarem

280 2122 333 2166 eos
365 2101 548 2187 cupiebant,
583 2104 699 2185 partim
728 2103 908 2187 prohibere,
945 2124 1007 2188 quo
1038 2105 1146 2167 minus
1176 2108 1346 2186 sumerent,

279 2229 344 2272 non
359 2215 518 2294 poterant,
541 2229 694 2292 magnum
710 2229 880 2274 numerum
895 2211 1046 2275 frumenti
1062 2215 1257 2293 comparant,
1281 2228 1344 2272 non

278 2335 457 2398 numquam
480 2321 586 2379 autem
611 2317 868 2398 expeditionibus
886 2319 1052 2380 nocturnis
1075 2317 1203 2380 castella
1222 2322 1346 2380 nostro-

251 2443 351 2488 4rum
367 2423 561 2486 adoriuntur.
602 2443 698 2506 quam
720 2423 759 2486 ob
776 2443 904 2488 causam
926 2423 957 2487 O.
972 2424 1127 2488 Caninius
1147 2429 1211 2487 toto
1229 2425 1345 2507 oppido

279 2530 473 2593 munitiones
494 2531 692 2594 circumdare
708 2537 857 2612 moratur,
876 2549 917 2594 ne
933 2534 988 2593 aut
1004 2550 1083 2614 opus
1100 2530 1244 2594 effectum
1261 2531 1345 2593 tueri
1359 2546 1389 2588 ro

279 2656 344 2700 non
367 2637 467 2719 possit
490 2642 547 2700 aut
565 2637 711 2720 plurimis
733 2638 767 2700 in
783 2638 861 2701 locis
875 2638 1003 2701 infirma
1018 2638 1165 2720 disponat
1179 2637 1343 2720 praesidia.

223 2758 260 2814 35
368 2743 484 2826 Magna
508 2745 599 2826 copia
621 2744 774 2808 frumenti
802 2750 982 2828 comparata
1009 2744 1181 2808 considunt
1203 2742 1371 2827 Drappes1

278 2857 310 2915 et
324 2851 493 2916 Lucterius
516 2870 581 2914 non
597 2850 726 2934 longius
749 2851 788 2913 ab
806 2852 921 2935 oppido
946 2850 979 2913 X
994 2850 1137 2932 milibus,
1161 2851 1246 2914 unde
1267 2870 1345 2934 pau-

250 2959 367 3023 clatim
390 2958 587 3020 frumentum
609 2958 643 3019 in
668 2959 822 3040 oppidum
845 2963 1072 3041 supportarent.
1118 2959 1181 3042 ipsi
1203 2959 1288 3022 inter
1310 2976 1344 3022 se

278 3065 457 3147 provincias
476 3065 670 3146 partiuntur:
695 3062 838 3148 Drappes
859 3067 969 3129 castris
989 3066 1146 3148 praesidio
1168 3071 1344 3148 camparte

278 3172 440 3254 copiarum
468 3171 600 3250 resist't,
630 3169 795 3234 [alteterius
824 3191 937 3255 agmen
960 3173 1177 3235 iumentorum
1198 3170 1237 3234 ad
1257 3173 1374 3254 oppio

249 3277 356 3342 adum
384 3277 478 3339 ducit.
526 3276 688 3358 dispositis
715 3276 761 3338 ibi
789 3277 958 3359 praesidiis
987 3278 1063 3341 hora
1090 3279 1192 3342 noctis
1220 3279 1345 3342 circiter

279 3383 322 3445 X.
337 3381 536 3446 silvestribus
557 3384 764 3464 angustisque
779 3384 947 3448 itineribus
962 3383 1157 3448 frumentum
1173 3386 1344 3468 importare

250 3492 310 3555 tin
335 3489 486 3572 oppidum
509 3489 656 3552 instituit.
697 3509 833 3571 quorum
856 3492 1023 3574 strepitum
1038 3492 1151 3574 vigiles
1167 3498 1343 3556 castrorum

366 3719 382 3772 5
401 3718 591 3786 oppidanorum
614 3718 665 3771 del.
690 3717 819 3772 *Nitscbc
855 3720 863 3789 11
899 3719 917 3773 8
936 3719 1118 3774 excelsissimo
1138 3721 1186 3792 Sp,
1208 3718 1344 3773 excellen-

276 3805 378 3861 tissimo
398 3825 432 3874 ης
451 3807 595 3860 celsissimo
614 3826 632 3858 α
664 3807 673 3877 11
705 3808 768 3862 lacit
787 3808 843 3862 Sul

364 3897 411 3952 34.
434 3898 445 3948 l
466 3896 582 3948 animum
602 3897 771 3951 aduerterent
784 3897 852 3967 δραιι
884 3897 893 3966 11
925 3897 949 3951 2.
964 3899 980 3952 3
995 3898 1171 3953 obsidionisa
1202 3898 1211 3966 11
1243 3897 1344 3952 bomni

277 3984 315 4052 Sp
346 3987 354 4055 11
386 3984 457 4039 6ibi
476 4001 563 4053 orrap
595 3985 604 4050 11
636 3985 777 4054 9draptes
797 3986 858 4054 (8)ss
889 3986 898 4055 11
931 3987 965 4038 14
984 3987 1059 4056 gaius
1079 4006 1106 4055 u3
1126 4005 1178 4040 om.
1200 3987 1237 4055 Sti
1268 3987 1276 4056 11
1310 3988 1345 4040 15

276 4076 394 4127 moratur
413 4091 442 4139 c3
462 4074 572 4126 conatur
592 4073 629 4141 Sp
660 4075 668 4144 11
702 4075 735 4130 16
755 4077 881 4143 possete
913 4076 922 4144 11
954 4077 1000 4129 aut
1019 4076 1138 4144 pluribus
1156 4076 1221 4130 locis
1241 4077 1278 4143 Sp

363 4162 410 4217 35.
431 4162 445 4214 1
466 4161 571 4231 draptes
591 4164 652 4232 18119
683 4165 691 4229 11
723 4165 874 4232 4Draptes
893 4164 954 4232 18119
990 4165 998 4229 11
1035 4165 1169 4219 breslstit
1189 4167 1221 4234 83
1244 4164 1346 4219 restitit

275 4250 305 4302 X
334 4251 342 4320 11
374 4251 406 4304 ad
427 4269 456 4318 o3
475 4250 503 4303 in
523 4251 560 4318 Sp
591 4249 600 4319 11
632 4253 702 4306 6ibi
721 4253 771 4308 dcl.
790 4252 906 4306 Nitacbc
