3126 4968
314 309 355 372 62
714 323 820 380 BELLI
839 323 982 380 GALHCI

312 489 430 572 manis,
453 488 547 551 vietis
565 488 600 550 in
615 487 754 571 Alpibus
769 487 928 572 Sedunis]
952 491 1048 571 atque
1072 487 1117 550 ita
1134 487 1214 552 inite
1227 487 1332 552 bieme
1347 487 1381 551 in

312 595 482 676 Illyricum
501 595 661 678 profectus
685 599 776 676 esset,
799 595 884 678 quod
901 612 955 658 eas
971 613 1102 676 quoque
1125 595 1271 659 nationes
1294 594 1382 658 adire

314 707 345 764 et
367 701 515 785 regiones
539 719 730 784 cognoscere
753 699 892 782 volebat,
914 701 1056 766 subitum
1081 701 1200 765 bellum
1223 703 1256 764 in
1279 701 1410 766 Gallias

286 813 459 874 acoortum
492 813 547 872 est.
604 809 672 872 eius
709 807 785 872 belli
822 808 901 872 haec
937 807 998 871 luit
1031 825 1135 872 cause.
1191 807 1226 872 P.
1250 805 1382 872 Crassus

314 915 502 981 adulescens
535 934 608 979 eum
640 915 766 998 legione
793 915 866 978 VII.
894 916 1061 998 proximus
1098 933 1185 978 mare
1218 915 1382 979 Oceanum

286 1024 399 1128 epp)
425 1021 520 1085 dibus
542 1021 710 1085 hiemabat.
756 1023 797 1103 is,
826 1021 913 1104 quod
940 1023 974 1084 in
1001 1022 1051 1084 his
1079 1022 1158 1086 locis
1185 1021 1294 1106 inopie
1316 1022 1382 1085 fru-

311 1129 413 1192 meuti
451 1133 531 1209 erat,
567 1127 743 1211 praefectos
779 1128 990 1211 tribunosque
1027 1128 1164 1192 militum
1202 1127 1382 1213 complures

313 1237 348 1299 in
378 1233 531 1298 finitimas
569 1236 713 1300 civitates
748 1234 902 1299 frumenti
939 1253 1036 1298 cause
1073 1233 1207 1315 dimisit;
1250 1254 1314 1317 quo
1346 1235 1381 1298 in
1395 1259 1424 1303 ιο

284 1361 446 1408 snumero
480 1347 528 1406 est
558 1342 590 1405 Τ.
613 1340 812 1406 Terrasidius
844 1343 961 1406 missus
993 1343 1026 1403 in
1059 1339 1210 1424 Esurios,
1242 1341 1284 1405 M.
1308 1343 1382 1406 Tre·

312 1449 385 1513 bius
419 1449 528 1513 Gallus
561 1450 596 1512 in
629 1448 845 1531 Coriosolites,
883 1447 918 1525 Q.
945 1449 1102 1513 Velanius
1135 1468 1207 1512 oum
1240 1450 1271 1512 T.
1302 1448 1381 1514 Silio

276 1557 347 1626 sin
369 1556 519 1620 Venetos.
565 1556 672 1619 Huius
700 1561 747 1619 est
774 1556 910 1618 civitatis
933 1557 1028 1639 longe
1056 1557 1251 1639 amplissima
1273 1561 1408 1621 aucto-1

311 1665 389 1726 ritas
422 1665 524 1726 omnis
556 1681 630 1727 orae
662 1664 840 1726 maritimae
872 1663 1038 1746 regionum
1071 1681 1194 1743 earum,
1232 1662 1318 1746 quod
1350 1667 1382 1726 et

312 1789 411 1833 neves
447 1769 566 1833 hebent
595 1770 712 1834 Veneti
749 1770 915 1853 plurimas,
960 1769 1077 1852 quibus
1113 1770 1149 1832 in
1181 1769 1381 1833 Britanniam

312 1878 465 1960 navigare
497 1881 704 1958 consuerunt,
737 1881 767 1940 et
795 1877 929 1940 scientia
956 1885 1052 1958 etque
1079 1894 1142 1940 usu
1170 1895 1278 1940 rerum
1301 1895 1381 1940 nau-

313 1985 447 2046 ticarum
480 1988 601 2047 ceteros
634 1983 827 2048 antecedunt
858 1988 890 2047 et
920 1984 955 2046 in
986 2001 1102 2066 magno
1137 1984 1258 2067 impetu
1285 1983 1408 2049 meriss

316 2087 428 2174 (vasti)
460 2097 556 2171 atque
580 2092 679 2174 apem
702 2091 812 2174 paucis
839 2090 983 2173 portibus
1011 2091 1199 2170 interiectis,
1228 2109 1308 2174 quos
1335 2095 1381 2153 te-

312 2201 391 2260 nent
410 2197 480 2279 ipsi,
504 2215 615 2261 omnes
633 2195 706 2280 fere,
731 2198 787 2279 qui
808 2217 845 2261 eo
865 2199 947 2261 meri
966 2199 1013 2260 uti
1034 2201 1243 2278 consuerunt,
1263 2197 1382 2260 habent

285 2303 491 2386 evectigales.
538 2303 577 2366 ab
600 2304 649 2367 his
672 2303 709 2367 fit
735 2305 863 2367 initium
885 2305 1045 2369 retinendi
1069 2303 1140 2368 Silii
1168 2310 1262 2387 etque
1285 2304 1381 2368 Vela-

312 2412 367 2491 nii,
392 2409 478 2491 quod
500 2429 558 2493 per
581 2430 635 2474 eos
657 2429 733 2474 suos
756 2430 790 2474 se
811 2411 951 2492 obsides,
974 2429 1055 2494 quos
1074 2411 1186 2475 Crasso
1211 2411 1380 2494 dedissent,

284 2522 554 2600 erecuperaturos
574 2517 808 2581 existimabant.
831 2518 945 2580 horum
969 2519 1154 2582 auctoritate
1174 2517 1303 2582 finitimi
1326 2519 1381 2581 ad·
1394 2542 1424 2584 ro

312 2624 400 2688 ducti
410 2661 452 2670 -
462 2629 498 2686 ut
512 2630 590 2687 sunt
605 2624 768 2688 Gallorum
783 2624 890 2688 subita
905 2630 937 2688 et
950 2627 1119 2709 repentina
1134 2625 1266 2689 consilia
1276 2663 1317 2672 —
1329 2645 1380 2690 ea-

312 2732 384 2794 dem
402 2732 440 2795 de
457 2751 553 2794 cause
568 2730 716 2794 Trebium
729 2731 1006 2814 Terrasidiumque
1021 2733 1162 2797 retinent
1185 2737 1216 2794 ct
1235 2732 1381 2796 celeriter

310 2838 417 2902 missis
439 2838 551 2922 legetis
573 2859 631 2922 per
658 2857 733 2902 suos
755 2838 917 2923 principes
940 2841 1024 2902 iuter
1047 2859 1080 2902 se
1109 2839 1278 2902 coniurant
1299 2837 1379 2901 nihil

311 2946 373 3008 nisi
397 2947 560 3008 communi
583 2946 716 3009 consilio
734 2951 860 3010 acturos
881 2946 1083 3028 eundemque
1100 2963 1210 3010 omnes
1232 2945 1379 3008 fortunae

284 3053 435 3115 rexnam
459 3070 527 3116 esse
546 3052 679 3135 laturos,
703 3051 907 3135 reliquasque
923 3052 1066 3118 civitates
1082 3051 1263 3132 sollicitant,
1286 3057 1322 3115 ut
1344 3053 1378 3114 in
1394 3075 1421 3117 rs

312 3179 349 3222 ca
380 3156 543 3242 libertate,
578 3177 673 3241 quem
706 3179 725 3221 a
755 3159 930 3223 maioribus
968 3161 1158 3243 acceperint,
1193 3178 1379 3242 permanere

401 3422 473 3477 sita
492 3429 581 3489 omri
612 3423 621 3492 ll
653 3423 677 3476 3.
697 3423 714 3475 4
732 3422 758 3475 in
778 3421 912 3490 illyricum
931 3441 965 3492 φ;
983 3421 1109 3476 illiricum
1122 3429 1160 3492 χβ
1197 3423 1206 3491 ll
1242 3423 1259 3476 8
1283 3423 1378 3492 quiin

311 3512 423 3566 sudibus
442 3511 503 3580 Bu
534 3510 543 3578 ll
574 3511 709 3568 hiemabat
726 3511 802 3579 Ald.;
822 3512 950 3566 hiemaret
968 3511 1063 3580 11th
1086 3511 1216 3566 hiemerat
1236 3511 1378 3579 B·M·Q·;

310 3602 475 3655 hiemauerat
495 3599 605 3655 stMb
641 3600 649 3670 ll
687 3601 721 3656 10
744 3602 871 3654 frumenti
890 3619 920 3668 α;
945 3601 1070 3655 frumenti
1094 3603 1309 3670 commeatusque
1332 3617 1378 3670 pe·

310 3691 420 3759 tendis
451 3691 459 3759 ll
493 3692 524 3742 11
546 3694 587 3744 est
604 3690 643 3758 X3
667 3693 724 3744 eret
746 3690 808 3743 Αἶά.
845 3693 854 3760 ll
886 3690 992 3744 esubios
1015 3708 1045 3756 ας
1063 3689 1168 3744 unellos
1189 3690 1312 3744 sesuuios
1335 3687 1378 3761 fill

313 3779 345 3831 12
365 3777 530 3833 curiosolites
550 3798 567 3830 a
600 3779 608 3847 ΙΙ
639 3777 703 3834 Silio
728 3779 821 3846 Voec.;
841 3777 910 3833 sillio
928 3779 957 3832 X

399 3886 427 3940 8.
438 3886 462 3938 4.
475 3887 490 3939 5
501 3901 590 3937 rerum
600 3886 767 3940 nauticarum
777 3888 896 3940 caeteros
909 3893 938 3953 st3
957 3886 1123 3939 nauticarum
1136 3884 1251 3954 reliquos
1264 3904 1293 3953 ας
1312 3901 1377 3938 neu·

310 3973 422 4028 ticarum
437 3990 525 4027 rerum
540 3973 730 4042 reliquosed.l
761 3974 770 4042 11
803 3975 1090 4028 6uastiadd.Z1cclccr
1122 3975 1130 4043 ll
1162 3975 1246 4042 aperti
1263 3975 1378 4042 chlccr3

310 4066 401 4131 aperto
420 4062 450 4117 X
479 4064 488 4131 ll
520 4062 586 4116 leo
606 4081 636 4129 a;
656 4063 784 4130 eodemst
815 4064 823 4131 11
855 4062 872 4116 8
895 4062 957 4116 sillii
976 4063 1006 4117 X
1035 4065 1044 4132 ΙΙ
1075 4063 1100 4117 8.
1121 4064 1137 4117 9
1156 4062 1255 4116 uelanii
1269 4080 1302 4134 23
1321 4061 1378 4116 uel·

309 4151 373 4206 lanii
392 4171 428 4222 φ;
457 4151 555 4205 uelanii
582 4153 610 4205 et
632 4152 655 4205 si
683 4167 748 4222 quos
776 4151 930 4220 intercipere
958 4154 1102 4220 potuerunt
1124 4159 1142 4219 β
1182 4152 1190 4221 ll
1233 4155 1267 4206 14
1286 4167 1378 4207 omnes

315 4241 418 4309 Otace.;
437 4241 523 4296 omnis
542 4239 572 4293 X
600 4243 609 4306 ΙΙ
642 4242 675 4295 16
694 4244 851 4310 aeceperunt
869 4260 886 4292 a
