3218 4812
577 359 684 412 LIBER
702 359 749 411 VI.
769 357 845 412 CAP.
867 359 983 413 10-13.
1250 344 1310 406 141

247 522 387 604 cipetum
412 521 601 586 obtinerent.
648 541 712 603 qua
735 523 922 586 necessitate
952 522 1108 584 adductus
1131 521 1341 588 Diviciacuss

249 629 362 692 auxilii
388 629 518 712 petendi
546 648 640 692 causa
672 629 807 692 Romam
834 629 875 691 ad
902 635 1049 693 senatum
1076 628 1237 711 profectus
1265 631 1315 691 in·

206 759 233 801 rs
247 735 328 798 fecta
354 755 388 798 re
421 736 566 799 redierat.
617 735 757 799 adventu
785 734 927 799 Caesaris
954 736 1037 799 facta
1064 736 1341 803 commutationes

247 862 367 924 rerum,
402 842 569 906 obsidibus
601 842 746 906 Haeduis
778 842 921 925 redditis,
959 841 1121 906 veteribus
1158 843 1314 906 clientelis

246 950 415 1030 restitutis,
437 950 530 1012 novis
553 969 610 1033 per
631 948 797 1013 Caesarem
813 950 1016 1032 comparatis,
1040 949 1126 1031 quod
1149 949 1183 1031 ii,
1208 951 1314 1030 quise

247 1055 288 1118 ad
320 1075 431 1119 eorum
464 1057 637 1120 amicitiam
670 1055 933 1139 adgregaverant,
967 1056 1097 1119 meliore
1126 1056 1313 1120 condicione

247 1167 342 1245 atque
374 1163 525 1245 aequiore
557 1164 689 1246 imperio
723 1182 757 1226 se
785 1164 833 1224 uti
860 1162 1024 1244 videbant,
1056 1163 1190 1245 reliquis
1217 1163 1314 1227 rebus

203 1290 234 1333 ao
248 1289 358 1333 eorum
382 1271 483 1352 gratia
500 1271 716 1352 dignitateque
733 1268 923 1352 amplificata
942 1267 1083 1351 Sequani
1099 1271 1314 1353 principatum

249 1376 442 1440 dimiserant.
493 1377 529 1438 in
560 1396 670 1440 eorum
703 1377 808 1439 locum
843 1376 935 1439 Remi
968 1381 1199 1456 successerant3
1234 1396 1341 1459 quosr

249 1483 335 1565 quod
359 1484 537 1565 adaequare
566 1484 651 1567 apud
676 1482 841 1547 Gaesarem
870 1484 971 1566 gratia
998 1483 1253 1567 intellegebatur,
1282 1485 1314 1564 ii,

248 1591 305 1671 qui
328 1598 454 1673 propter
476 1597 599 1654 veteres
622 1591 805 1653 inimicitias
832 1589 923 1652 nullo
946 1589 1040 1653 modo
1069 1609 1142 1653 cum
1157 1573 1314 1655 ¹Haeduis

248 1698 400 1780 coniungi
423 1702 581 1780 poterant,
605 1717 638 1760 se
660 1698 769 1761 Remis
792 1699 827 1758 in
850 1697 1031 1761 clientelam
1055 1697 1210 1760 dicabant.
1257 1697 1341 1764 hose

204 1823 233 1866 25
247 1804 295 1866 illi
318 1804 487 1886 diligenter
509 1804 696 1868 tuebantur:
721 1805 766 1867 ita
779 1811 812 1893 et
826 1823 945 1867 novam
960 1809 991 1866 et
1006 1809 1134 1887 repente
1150 1804 1314 1868 collectam

248 1911 467 1974 auctoritatem
491 1912 649 1975 tenebant.
696 1929 733 1974 eo
757 1915 873 1974 tamen.
887 1916 969 1974 statu
986 1929 1036 1974 res
1059 1917 1138 1992 erat,
1162 1917 1199 1974 ut
1220 1911 1341 1994 longeo

247 2019 406 2100 principes
429 2018 624 2082 haberentur
647 2017 787 2100 Haedui,
816 2017 992 2081 secundum
1016 2019 1122 2081 locum
1150 2018 1314 2100 dignitatis

247 2122 339 2186 Remi
363 2125 551 2188 obtinerent.

221 2254 233 2294 1
336 2231 376 2293 ln
405 2233 491 2294 omni
520 2231 623 2295 Gallia
654 2251 765 2296 eorum
796 2233 975 2314 hominum,
1009 2233 1066 2313 qui
1098 2232 1204 2313 aliquo
1240 2237 1315 2296 sunt
1333 2249 1369 2303 13

190 2419 193 2426 Ι
247 2357 382 2402 numero
399 2344 493 2420 atque
510 2339 642 2420 honore,
666 2358 783 2422 genera
802 2345 877 2402 sunt
892 2339 970 2419 duo;
995 2359 1070 2402 nam
1090 2339 1198 2422 plebes
1213 2358 1314 2422 paene

247 2463 413 2509 servorum
436 2446 570 2510 habetur
592 2445 675 2527 loco,
701 2465 781 2528 quae
804 2447 885 2509 nihil
901 2446 997 2509 audet
1011 2465 1068 2529 per
1091 2465 1137 2528 se,
1160 2446 1244 2509 nulli
1260 2447 1314 2510 ad·
1380 2435 1384 2442 ’

247 2551 376 2614 hibetur
391 2553 532 2615 oonsilio.
571 2553 726 2637 plerique,
751 2573 825 2616 cum
841 2558 896 2615 aut
911 2571 982 2616 aere
998 2553 1102 2615 alieno
1120 2558 1176 2616 aut
1192 2555 1314 2637 magni·
1327 2577 1340 2618 2

218 2658 360 2720 etudine
375 2658 568 2722 tributorum
584 2664 639 2722 aut
661 2661 778 2722 iniuria
794 2661 1008 2742 potentiorum
1025 2666 1221 2742 premuntur,
1245 2680 1314 2724 sese

248 2765 283 2826 in
316 2767 500 2829 servitutem
529 2766 636 2830 dicant
663 2767 841 2846 nobilibus;
874 2764 1022 2850 <quibns>
1053 2767 1087 2827 in
1116 2766 1174 2828 hos
1202 2767 1341 2832 eademe

248 2873 354 2935 omnia
387 2878 462 2935 sunt
490 2874 574 2954 iura,
608 2891 689 2955 quae
718 2874 856 2936 dominis
883 2874 919 2934 in
946 2891 1062 2936 servos.
1114 2873 1168 2935 sed
1198 2874 1236 2937 de
1265 2875 1314 2938 his

249 2977 373 3042 duobus
397 2979 568 3062 generibus
592 2979 726 3042 alterum
749 2984 797 3043 est
820 2979 985 3060 druidum,
1009 2979 1144 3042 alterum
1160 2982 1313 3062 equitum.

248 3083 296 3146 illi
324 3085 420 3148 rebus
448 3087 565 3150 divinis
592 3088 764 3167 intersunt,
792 3085 945 3150 sacrificia
972 3086 1101 3169 publica
1128 3106 1165 3149 ac
1191 3089 1341 3171 privatas

207 3210 235 3252 ro
248 3197 432 3275 procurant,
455 3193 625 3276 religiones
648 3195 910 3276 interpretantur,
935 3193 975 3256 ad
999 3212 1054 3257 eos
1076 3213 1212 3276 magnus
1236 3196 1314 3258 adu-

247 3298 437 3364 lescentium
452 3319 605 3365 numerus
622 3300 807 3383 disciplinae
823 3321 920 3364 eausa
935 3302 1108 3382 concurrit,
1133 3319 1314 3385 magnoque

339 3550 380 3600 14.
402 3550 434 3601 15
453 3547 597 3617 inperfecta
614 3565 642 3600 re
663 3568 679 3599 u
712 3549 720 3616 11
754 3549 786 3603 16
806 3547 935 3602 clientelis
953 3547 1118 3613 ueteribusfl
1150 3547 1158 3615 11
1191 3549 1223 3600 17
1242 3547 1313 3602 iied.

248 3637 275 3702 13
294 3635 322 3688 hi
341 3637 371 3690 X
400 3643 408 3704 11
442 3637 475 3690 18
494 3639 700 3706 aggregarantss
731 3638 740 3706 11
772 3637 806 3690 20
825 3637 952 3706 dignitate
972 3639 1034 3704 (om.
1051 3638 1113 3704 que)
1131 3643 1160 3703 fi,
1180 3653 1211 3690 ao
1229 3638 1313 3706 digui-

246 3727 302 3779 tate
321 3725 382 3778 HM
411 3726 419 3794 11
452 3726 486 3778 22
505 3726 523 3778 ii
542 3726 571 3793 h;
591 3726 627 3778 hii
646 3725 693 3794 φή
712 3725 739 3777 hi
754 3743 794 3794 χα
825 3726 834 3795 11
867 3725 900 3778 23
919 3725 964 3793 qui
983 3733 1065 3793 onafl
1097 3727 1106 3790 11
1138 3725 1173 3779 24
1192 3726 1314 3780 dicebant

248 3821 303 3882 φα·
334 3815 343 3883 11
376 3815 409 3868 26
428 3818 517 3868 tamen
536 3815 621 3882 Perrh
645 3817 851 3884 tumc1930u1n
872 3833 894 3865 rc
928 3814 937 3882 11
973 3816 1049 3868 erant
1061 3835 1083 3884 χ
1119 3817 1127 3885 11
1165 3815 1197 3868 27
1218 3815 1314 3868 haedui

248 3902 443 3971 haberenturfl

338 4009 383 4066 13.
406 4013 418 4063 1
439 4011 531 4079 quiin
549 4010 672 4080 aliquod
707 4013 716 4076 11
753 4011 852 4064 3nihil
872 4012 952 4064 audet
970 4012 1027 4079 (aut
1046 4013 1073 4064 et
1092 4011 1139 4077 ΑΙ)
1163 4028 1210 4080 per
1233 4028 1262 4065 se
1281 4031 1314 4081 23

248 4099 313 4152 nihil
332 4099 477 4167 habetper
495 4116 524 4154 se
543 4119 576 4170 tp,
596 4115 689 4168 perse
708 4099 774 4152 nihil
792 4101 906 4167 audete
937 4100 945 4166 11
977 4099 1050 4152 nullo
1070 4120 1087 4151 a
1124 4101 1132 4168 11
1169 4101 1314 4154 4οοηοίἰίο

247 4188 286 4241 ah
317 4189 326 4256 11
358 4205 418 4242 oum
433 4205 492 4242 aere
504 4197 522 4256 β
541 4193 603 4256 (om.
623 4191 679 4253 aut)
712 4190 719 4256 11
752 4192 776 4242 5.
797 4191 813 4242 6
832 4190 859 4241 in
878 4189 1035 4242 seruitutem
1054 4197 1148 4256 sesefl
1180 4191 1188 4258 11
1221 4190 1315 4258 6qui-

248 4277 299 4330 bus
318 4278 379 4331 add.
400 4277 479 4332 Dine.
511 4279 520 4346 11
552 4278 722 4333 8druudum
743 4297 764 4330 rr
797 4279 805 4346 11
839 4278 872 4332 10
891 4293 936 4330 eos
955 4277 1053 4346 Nipp.;
1073 4278 1122 4331 hos
1141 4277 1171 4330 X

760 4491 771 4522 lt
