3218 4812
303 349 365 410 166
700 361 806 415 BELLI
825 361 966 416 GALLICI

299 525 407 608 gebat,
430 527 563 606 veritus,
586 544 627 588 ne
651 529 748 587 noctu
772 543 813 586 ex
837 525 953 607 oppido
977 525 1196 608 profugerent,
1221 524 1300 588 duas
1323 524 1368 588 16-

273 633 410 715 rgiones
433 633 467 693 in
491 634 586 694 armis
610 631 770 695 excubare
798 631 895 694 iubet.
942 630 1145 695 Cenabenses
1170 631 1266 715 paulo
1294 637 1367 694 ante

300 739 439 802 mediam
461 743 588 801 noctem
611 739 739 802 silentio
768 758 810 801 ex
834 738 950 821 oppido
975 741 1095 821 egressi
1117 738 1239 801 flumen
1266 744 1368 801 trans-

272 847 347 912 sire
371 850 550 928 coeperunt.
598 865 660 928 qua
687 864 722 908 re
750 864 806 928 per
835 845 1050 927 exploratores
1077 847 1226 908 nuntiata
1254 843 1369 908 Caesar

299 952 454 1035 legiones,
479 972 557 1033 quas
581 953 747 1034 expeditas
771 971 839 1015 esse
862 953 1010 1034 iusserat,
1034 953 1134 1034 portis
1157 953 1296 1015 incensis
1318 953 1367 1014 in-
1383 974 1410 1015 ao

300 1061 446 1122 tromitt't
469 1069 564 1140 atque
594 1059 709 1143 oppido
732 1061 851 1142 potitur
878 1061 1045 1142 perpaucis
1074 1078 1116 1122 ex
1142 1059 1282 1122 hostium
1311 1079 1369 1120 uu-

299 1186 387 1230 11616
420 1167 618 1243 desideratio,
656 1167 732 1249 quin
766 1167 874 1229 cuncti
907 1171 1108 1248 raperentur,
1147 1165 1232 1247 quod
1263 1167 1369 1248 pontis

300 1279 396 1355 atque
419 1275 572 1337 itinerum
587 1275 753 1356 angustiae
769 1273 968 1336 multitudini
991 1273 1098 1356 fugam
1115 1272 1368 1336 intercluserunt.

273 1381 451 1464 ooppidum
477 1380 585 1462 diripit
609 1385 704 1461 atque
728 1379 883 1461 incendit,
910 1380 1061 1462 praedam
1084 1379 1240 1442 militibus
1264 1379 1369 1461 donat,

301 1488 479 1550 exercitum
501 1486 639 1568 Ligerim
663 1486 801 1548 traducit
824 1490 918 1567 atque
941 1487 974 1547 11
999 1487 1182 1568 Biturigum
1196 1485 1276 1550 fines
1299 1505 1370 1568 per·
1383 1505 1411 1546 25

246 1609 282 1662 12
300 1595 397 1656 venit.
443 1594 701 1675 Vercingetorirr,
730 1592 786 1654 ubi
810 1593 849 1654 de
873 1590 1015 1654 Caesaris
1044 1593 1183 1655 adventu
1211 1593 1395 1674 cognovitr

302 1702 538 1784 oppugnatione
567 1700 688 1762 desistit
716 1705 811 1780 atque
840 1699 965 1762 obviam
994 1698 1121 1762 Caesari
1152 1698 1368 1782 proficiscitur.

274 1808 357 1870 aille
382 1808 533 1890 oppidum
557 1807 740 1887 Biturigum
763 1807 902 1887 positum
929 1806 965 1866 in
989 1807 1040 1867 via
1062 1805 1292 1869 Noviodunum
1316 1825 1371 1888 op-

272 1933 444 1997 spugnare
468 1913 655 1974 instituerat.
704 1931 766 1994 quo
795 1931 836 1974 ex
861 1913 974 1995 oppido
1004 1932 1077 1974 cum
1105 1913 1201 1995 legati
1229 1913 1269 1975 ad
1297 1932 1370 1976 eurn

301 2021 465 2082 venissent
494 2024 630 2099 oratum,
658 2024 694 2080 ut
721 2019 783 2081 sibi
809 2020 987 2101 ignosceret
1015 2038 1155 2101 suaeque
1183 2021 1267 2082 vitae
1296 2038 1397 2081 con-5
1494 2105 1499 2113 .
1598 2039 1599 2076 1

302 2126 434 2208 suleret,
457 2131 494 2188 ut
517 2125 678 2188 celeritate
701 2127 841 2208 reliquas
856 2146 908 2189 res
925 2126 1108 2208 conficeret,
1134 2146 1197 2208 qua
1218 2127 1370 2209 pleraque

303 2238 370 2296 erat
403 2239 605 2314 consecutus,
640 2254 727 2295 arma
755 2233 904 2314 conferri,
937 2252 1036 2314 equos
1063 2234 1211 2316 produci,
1245 2233 1371 2296 obsides

274 2340 371 2402 adari
395 2340 491 2402 iubet.
537 2346 626 2423 parte
650 2343 714 2402 iarn
738 2340 885 2403 obsidum
910 2339 1037 2420 tradita,
1066 2360 1140 2402 cum
1163 2340 1288 2422 reliqua
1316 2339 1371 2401 ad·

302 2449 572 2529 ministrarentur,
597 2448 838 2510 centurionibus
862 2451 894 2509 et
912 2448 1023 2529 paucis
1038 2447 1194 2510 militibus
1210 2447 1371 2509 intromis-

303 2555 358 2633 sis,
384 2555 438 2634 qui
455 2573 543 2616 arma
558 2555 764 2635 iumentaque
786 2555 1023 2634 conquirerent,
1048 2554 1208 2634 equitatus
1231 2555 1371 2616 hosfium
1386 2571 1412 2612 16

302 2661 413 2742 procul
437 2661 526 2722 visus
551 2667 610 2741 est,
634 2662 690 2741 qui
713 2680 828 2742 agmen
850 2660 1123 2744 Vercingetorigis
1152 2665 1370 2724 antecesserat.

275 2786 399 2848 squem
424 2767 521 2829 sinml
545 2771 640 2848 atque
664 2768 816 2850 oppidani
839 2772 1075 2849 conspexerunt
1102 2771 1198 2848 atque
1225 2768 1260 2828 11
1284 2785 1372 2849 spem

304 2874 416 2935 auxilii
449 2880 618 2955 venerunt,
656 2874 793 2936 clamore
826 2874 950 2935 sublato
984 2893 1071 2935 arma
1104 2893 1228 2956 capere,
1265 2878 1372 2956 portas

276 2981 466 3062 solaudere,
502 3000 631 3043 murum
668 2981 826 3063 complere
864 2985 1043 3063 coeperunt.
1099 2982 1301 3044 centuriones
1338 2981 1373 3042 in

305 3087 434 3170 oppido,
464 3107 537 3149 oum
566 3106 607 3150 ex
631 3086 861 3169 significatione
891 3086 1053 3150 Gallorum
1081 3088 1158 3149 novi
1186 3087 1307 3168 aliquid
1333 3086 1371 3148 ab
1387 3103 1413 3144 15

303 3195 343 3256 iis
366 3194 442 3255 iniri
466 3194 591 3256 consilii
614 3193 860 3276 intellexissent,
884 3194 998 3276 gladiis
1019 3194 1175 3256 destrictis
1190 3200 1296 3277 portas
1321 3213 1372 3256 oc·
1436 3198 1438 3202 ’

249 3305 500 3382 recupaverunt
523 3319 662 3381 suosque
688 3318 797 3363 omnes
820 3301 997 3364 incolumes
1020 3304 1215 3383 receperunt.
1259 3299 1399 3362 Caesarr

305 3427 346 3470 ex
379 3407 490 3470 castris
523 3407 700 3489 equitatum
728 3407 822 3469 educi
855 3407 943 3469 iubet
974 3407 1196 3489 proeliumque
1225 3411 1372 3487 equestre

305 3515 486 3592 committit,
520 3513 739 3576 laborantibus
767 3515 831 3575 ianr
860 3515 925 3576 suis
955 3514 1129 3576 Germanos
1156 3513 1279 3594 equites
1313 3513 1373 3575 cir-

395 3745 427 3795 17
448 3743 617 3796 Cenabenses
636 3743 666 3796 X
703 3744 712 3811 11
755 3743 787 3795 19
807 3742 906 3795 caesari
927 3762 943 3792 a
984 3743 992 3810 b
1034 3743 1067 3794 22
1091 3742 1178 3795 cuncti
1199 3759 1229 3808 u;
1256 3739 1373 3811 1111611

306 3832 339 3884 23
358 3831 535 3884 multitudinis
555 3851 572 3882 a
605 3832 613 3900 b
645 3831 829 3884 intercluserat
848 3831 882 3900 pf
908 3831 916 3898 11
950 3831 983 3884 25
1003 3831 1113 3900 ligerem
1133 3851 1150 3882 α

394 3920 776 3988 122616661616116161
807 3925 816 3987 11
848 3920 950 3973 destitit
970 3939 987 3970 a
1019 3921 1027 3987 b
1060 3919 1239 3988 3Biturigum
1257 3920 1374 3988 positum

305 4010 332 4062 11
350 4009 601 4063 viaNoviodunum
624 4027 714 4062 61116
750 4011 759 4077 {t
797 4009 944 4063 16611611
969 4027 998 4076 a,
1021 4009 1167 4076 61616116
1203 4010 1212 4076 b
1248 4009 1273 4062 8.
1293 4009 1309 4062 9
1329 4009 1374 4061 ad-

305 4099 522 4164 ministranturfl
554 4099 562 4165 1]
596 4100 627 4150 11
648 4100 880 4164 61166666611111
916 4099 924 4166 tl
963 4101 995 4153 16
1014 4099 1056 4152 his
1077 4098 1116 4165 Sf
1147 4104 1156 4166 11
1193 4097 1296 4151 consilii
1315 4098 1375 4151 iniri

305 4194 322 4254 β
353 4189 362 4257 tl
394 4187 519 4240 districtis
534 4187 620 4256 lef

396 4277 440 4331 13.
462 4276 477 4327 2
497 4292 548 4344 que
567 4293 620 4328 om.
641 4295 658 4326 α
