3214 4812
288 297 356 358 224
690 309 796 363 BELLI
815 307 957 364 GALLICI

288 473 331 536 ab
354 471 498 536 hostibus
526 471 644 555 duplici
671 472 768 552 fossa,
797 472 917 555 duplici
944 477 1217 555 propugnatorum
1247 471 1357 534 ordine
1373 495 1400 536 15

290 579 551 660 defenderentur,
576 599 712 662 quorum
735 578 814 642 alter
837 597 878 641 ex
900 577 1064 661 pontibus,
1089 597 1152 661 quo
1172 578 1270 641 tutior
1289 578 1358 640 alti-

293 686 405 750 tudine
437 692 530 767 esset,
562 686 622 748 hoe
654 685 807 748 audacius
838 683 1028 768 longiusque
1061 687 1255 767 permitteret
1287 684 1358 766 tela,

292 793 385 874 alter,
414 794 470 874 qui
496 795 624 876 propior
650 794 770 856 hostem
798 793 834 854 in
861 793 929 874 ipso
954 791 1036 854 vallo
1060 791 1243 855 conlocatus
1268 796 1359 874 esset,

292 904 387 983 ponte
411 898 450 962 ab
473 899 688 962 incidentibus
711 899 783 962 telis
802 903 966 982 tegeretur.
1006 899 1104 981 portis
1119 897 1203 961 fores
1219 898 1359 962 altiores-

233 1015 275 1068 10
294 1025 355 1090 que
379 1010 482 1070 turres
505 1007 664 1088 imposuit.
710 1004 818 1068 Huius
841 1005 1028 1068 munitionis
1052 1004 1172 1087 duplex
1195 1009 1262 1068 erat
1285 1023 1386 1069 oon-r

292 1113 411 1176 silium.
462 1131 601 1194 namque
634 1117 664 1174 et
697 1131 827 1195 operum
861 1111 1115 1194 magnitudinem
1151 1116 1183 1174 et
1213 1113 1360 1175 timorem

292 1239 389 1283 suum
413 1219 560 1301 sperabat
582 1218 733 1282 fiduciam
757 1217 900 1281 barbaris
923 1219 1118 1299 adlaturum,
1147 1223 1179 1280 et
1207 1237 1281 1280 cum
1305 1238 1360 1301 pa-

293 1326 439 1390 bulatum
475 1326 767 1408 frumentatumque
801 1325 930 1408 longius
967 1330 1049 1389 esset
1082 1323 1359 1407 proficiscendum,

294 1434 400 1516 parvis
424 1433 523 1515 copiis
547 1437 649 1496 rastra
670 1432 850 1495 munitione
872 1433 942 1514 ipsa
960 1430 1090 1494 videbat
1112 1450 1204 1514 posse
1226 1430 1388 1496 defendis

263 1540 422 1604 ainterim
446 1539 556 1603 erebro
580 1540 691 1622 paucis
715 1540 877 1621 utrimque
900 1537 1161 1622 procurrentibus
1183 1539 1266 1600 inter
1287 1538 1362 1601 bina

295 1650 397 1709 castra
419 1645 535 1729 palude
559 1645 724 1708 interiecta
751 1643 1017 1725 contendebatur;
1052 1663 1148 1727 quam
1176 1648 1282 1706 tamen
1308 1663 1362 1727 pa-

295 1753 403 1815 ludem
432 1771 497 1815 non
525 1771 702 1835 numquam
729 1757 784 1815 aut
811 1758 919 1814 nostra
947 1751 1067 1814 auxilia
1096 1749 1173 1834 [aut]
1199 1749 1362 1814 Gallorum

297 1859 594 1941 Germanorumque
610 1859 785 1922 transibant
800 1859 968 1940 acriusque
984 1858 1089 1921 hostes
1105 1857 1362 1939 insequebantur,

222 1973 225 1979 '
296 1971 352 2030 aut
383 1966 524 2028 vicissim
557 1965 662 2028 hostes
694 1966 828 2028 eandem
860 1965 1047 2048 transgressi
1079 1970 1204 2028 nostros
1236 1965 1363 2047 longius
1380 1985 1404 2027 ro

267 2071 547 2136 esummovebant.
586 2070 748 2134 accidebat
771 2075 876 2134 autem
903 2071 1072 2134 cotidianis
1094 2070 1363 2154 pabulationibus

298 2217 340 2226 —
365 2179 397 2241 id
422 2179 508 2261 quod
531 2178 674 2242 accidere
698 2183 764 2242 erat
786 2179 1031 2262 necessarum
1054 2179 1134 2242 raris
1161 2178 1364 2261 disiectisque

297 2305 340 2348 ex
364 2285 518 2350 aedificiis
540 2285 694 2369 pabulum
712 2286 966 2367 conquireretur,
986 2321 1028 2330 -
1052 2290 1089 2349 ut
1107 2286 1268 2369 impeditis
1287 2286 1364 2349 loeis

265 2413 285 2454 4
299 2393 433 2475 dispersi
456 2392 658 2475 pabulatores
681 2393 1004 2472 circumvenirentur3
1030 2412 1111 2475 quae
1130 2411 1193 2474 ree,
1217 2393 1277 2456 etsi
1298 2410 1365 2455 me-

300 2499 406 2562 diocre
429 2499 654 2562 detrimentum
677 2501 892 2562 iumentorum
917 2518 954 2562 ae
977 2518 1142 2562 servorum
1170 2499 1288 2562 nostris
1311 2498 1365 2560 ad·
1380 2515 1405 2557 ra

298 2604 430 2688 ferebat,
459 2610 566 2668 tamen
594 2605 706 2670 stultas
734 2607 942 2688 cogitationes
970 2604 1122 2668 incitabat
1150 2604 1364 2685 barbarorum,

298 2717 397 2795 atque
431 2730 467 2774 eo
502 2713 616 2794 magis,
654 2712 740 2794 quod
775 2710 949 2792 Commius,
986 2730 1080 2794 quem
1114 2710 1290 2795 profectum
1325 2711 1365 2773 ad

298 2819 422 2883 auxilia
457 2819 688 2882 Germanorum
722 2819 910 2882 arcessenda
947 2818 1056 2900 docui,
1093 2838 1168 2882 oum
1203 2816 1365 2900 equitibus

300 2931 443 3006 venerab
470 2927 525 3008 qui
546 2927 669 2988 tametsi
688 2944 820 2988 numero
845 2943 911 2988 non
931 2924 1066 3007 amplius
1090 2930 1180 2988 erant
1197 2924 1236 3006 D,
1260 2929 1366 2988 tamen
1392 2992 1393 2996 ,

239 3044 282 3096 ,11
302 3033 532 3096 Germanorum
561 3031 700 3094 adventu
727 3031 853 3096 barbari
880 3030 1081 3096 inflabantur.
1133 3029 1259 3114 Caesar,
1292 3048 1393 3095 cumr

301 3139 568 3202 animadverteret
595 3139 716 3201 hostem
746 3138 926 3221 complures
955 3139 1024 3202 dies
1052 3138 1163 3202 eastris
1191 3137 1307 3220 palude
1336 3142 1368 3201 et

391 3331 500 3385 14-16
519 3333 550 3384 ut
567 3331 652 3385 hostis
671 3347 687 3385 a
705 3331 803 3400 duplici
822 3332 1049 3402 propugnatorum
1069 3331 1159 3385 ordine
1182 3331 1367 3400 depelleretur.

301 3421 372 3476 fossa
391 3419 501 3489 duplici,
521 3436 633 3488 quorum
651 3427 668 3488 β
703 3424 712 3489 ΙΙ
750 3422 782 3473 17
801 3420 856 3474 tela
874 3420 1039 3488 permitteret
1062 3421 1149 3490 (·rent
1166 3419 1192 3488 s,
1212 3423 1322 3474 ·rentur
1340 3421 1367 3488 u)

299 3517 319 3577 β
350 3510 358 3579 ll
392 3510 425 3564 18
444 3510 490 3579 qui
508 3509 550 3578 c‘lr;
569 3509 684 3576 Fcere,
704 3526 755 3578 quo
773 3510 804 3563 X
832 3510 841 3578 ll
873 3509 1005 3578 proprior
1022 3510 1120 3563 ΑΒΜ1
1151 3509 1161 3580 ΙΙ
1192 3509 1219 3563 in
1238 3511 1295 3580 ipso
1314 3527 1366 3565 om.

298 3617 324 3668 q>
357 3599 365 3668 ll
399 3599 431 3653 19
450 3598 520 3652 fores
538 3598 578 3666 X;
597 3598 717 3652 tortiores
735 3598 811 3652 Koch
843 3601 851 3669 l
885 3599 925 3653 19.
946 3599 980 3653 20
998 3597 1151 3670 altiorisque
1170 3617 1206 3672 po

392 3689 437 3742 10.
457 3690 473 3742 5
496 3688 653 3741 videbantur
675 3687 789 3741 Nitscbe
830 3690 839 3758 ll
879 3688 967 3742 8aut
985 3706 1037 3744 om.
1056 3691 1084 3758 lc3
1106 3691 1156 3744 dcl.
1181 3688 1269 3744 Oiuec.
1307 3687 1316 3752 ll
1353 3687 1369 3740 9

297 3776 393 3830 hostes
412 3795 442 3844 a,
461 3777 578 3844 nostrie
609 3777 617 3845 ll
651 3777 758 3845 ldaut]
783 3792 813 3830 ao
833 3795 854 3828 π
885 3778 899 3848 ll
936 3779 1048 3832 eandem
1065 3777 1090 3844 f3
1114 3777 1207 3832 eadem
1225 3783 1253 3844 β;
1277 3776 1370 3828 eodem

299 3883 322 3915 a
353 3866 362 3934 ll
395 3866 426 3917 11
448 3866 650 3936 Accidebantp;
670 3866 838 3919 Accedebant
854 3884 876 3917 π
908 3866 916 3934 ll
950 3866 982 3917 12
996 3881 1104 3919 necesse
1118 3867 1207 3930 eratrl
1238 3863 1246 3931 ll
1280 3864 1315 3916 14
1330 3863 1370 3917 di·

297 3953 402 4021 spersis
423 3973 440 4006 a
472 3954 481 4022 ll
512 3953 678 4021 pabulatores
698 3954 746 4022 Sp3
770 3953 939 4022 pabulatoriis
959 3972 976 4005 α
1013 3955 1021 4023 [Ι
1057 3955 1090 4008 16
1109 3953 1280 4006 barbarorum
1303 3952 1370 4006 inci·

303 4042 411 4109 tabatll
446 4043 455 4111 ll
493 4043 632 4096 letamen
653 4061 682 4110 c3
706 4043 902 4109 sedtamenfi
937 4042 945 4111 ll
983 4043 1017 4097 20
1040 4041 1143 4098 barbari
1166 4041 1325 4095 inflabantur
1343 4060 1371 4112 p,

298 4131 462 4186 inflabantur
480 4132 584 4186 barbari
603 4151 634 4200 rr,
654 4133 756 4187 barbari
774 4132 926 4187 nitebantur
945 4151 962 4184 c

393 4225 438 4278 11.
459 4222 475 4274 2
494 4222 613 4276 animum
632 4224 815 4290 aduerteretss
845 4221 855 4290 ll
886 4223 976 4277 hostes
995 4242 1010 4292 ρ
