<?xml version="1.0" encoding="UTF-8"?>
<!DOCTYPE html PUBLIC "-//W3C//DTD XHTML 1.0 Transitional//EN"
    "http://www.w3.org/TR/xhtml1/DTD/xhtml1-transitional.dtd">
<html xmlns="http://www.w3.org/1999/xhtml" xml:lang="en" lang="en">
 <head>
  <title>
</title>
<meta http-equiv="Content-Type" content="text/html;charset=utf-8" />
  <meta name='ocr-system' content='tesseract 3.04.00' />
  <meta name='ocr-capabilities' content='ocr_page ocr_carea ocr_par ocr_line ocrx_word'/>
</head>
<body>
  <div class='ocr_page' id='page_1' title='image "./ciuliicaesarisb04meusgoog_0236.png"; bbox 0 0 3214 4812; ppageno 0'>
   <div class='ocr_carea' id='block_1_1' title="bbox 449 334 1283 401">
    <p class='ocr_par' dir='ltr' id='par_1_1' title="bbox 449 334 1283 401">
     <span class='ocr_line' id='line_1_1' title="bbox 449 334 1283 401; baseline -0.006 -1"><span class='ocrx_word' id='word_1_1' title='bbox 449 345 557 400; x_wconf 83' lang='lat' dir='ltr'>LIBER</span> <span class='ocrx_word' id='word_1_2' title='bbox 575 345 635 400; x_wconf 87' lang='lat' dir='ltr'>VII.</span> <span class='ocrx_word' id='word_1_3' title='bbox 655 345 731 400; x_wconf 76' lang='lat' dir='ltr'>CAP.</span> <span class='ocrx_word' id='word_1_4' title='bbox 750 345 785 399; x_wconf 87' lang='grc'>88</span> <span class='ocrx_word' id='word_1_5' title='bbox 792 346 900 400; x_wconf 80' lang='lat' dir='ltr'>—VIIL</span> <span class='ocrx_word' id='word_1_6' title='bbox 919 347 1043 401; x_wconf 81' lang='lat' dir='ltr'>PRAEF.</span> <span class='ocrx_word' id='word_1_7' title='bbox 1216 334 1283 396; x_wconf 75' lang='grc'>217</span> 
     </span>
    </p>
   </div>
   <div class='ocr_carea' id='block_1_2' title="bbox 170 507 1357 1446">
    <p class='ocr_par' dir='ltr' id='par_1_2' title="bbox 212 507 1357 697">
     <span class='ocr_line' id='line_1_2' title="bbox 212 507 1282 594; baseline 0.002 -22"><span class='ocrx_word' id='word_1_8' title='bbox 212 514 281 572; x_wconf 91' lang='lat' dir='ltr'>tum</span> <span class='ocrx_word' id='word_1_9' title='bbox 310 515 342 572; x_wconf 86' lang='lat' dir='ltr'>et</span> <span class='ocrx_word' id='word_1_10' title='bbox 364 507 397 570; x_wconf 88' lang='lat' dir='ltr'>L.</span> <span class='ocrx_word' id='word_1_11' title='bbox 417 508 595 572; x_wconf 87' lang='lat' dir='ltr'>Minucium</span> <span class='ocrx_word' id='word_1_12' title='bbox 618 509 762 573; x_wconf 79' lang='lat' dir='ltr'>Basilum</span> <span class='ocrx_word' id='word_1_13' title='bbox 790 529 863 572; x_wconf 92' lang='lat' dir='ltr'>cum</span> <span class='ocrx_word' id='word_1_14' title='bbox 891 509 1071 594; x_wconf 84' lang='lat' dir='ltr'>legionibus</span> <span class='ocrx_word' id='word_1_15' title='bbox 1099 510 1223 575; x_wconf 91' lang='lat' dir='ltr'>duabus</span> <span class='ocrx_word' id='word_1_16' title='bbox 1247 513 1282 574; x_wconf 92' lang='lat' dir='ltr'>in</span> 
     </span>
     <span class='ocr_line' id='line_1_3' title="bbox 212 614 1357 697; baseline 0.008 -19"><span class='ocrx_word' id='word_1_17' title='bbox 212 614 322 679; x_wconf 80' lang='lat' dir='ltr'>Remis</span> <span class='ocrx_word' id='word_1_18' title='bbox 350 615 505 696; x_wconf 83' lang='lat' dir='ltr'>conlocat,</span> <span class='ocrx_word' id='word_1_19' title='bbox 535 634 576 679; x_wconf 92' lang='lat' dir='ltr'>ne</span> <span class='ocrx_word' id='word_1_20' title='bbox 605 635 701 697; x_wconf 92' lang='lat' dir='ltr'>quam</span> <span class='ocrx_word' id='word_1_21' title='bbox 729 637 747 678; x_wconf 91' lang='lat' dir='ltr'>a</span> <span class='ocrx_word' id='word_1_22' title='bbox 773 615 918 680; x_wconf 88' lang='lat' dir='ltr'>finitimis</span> <span class='ocrx_word' id='word_1_23' title='bbox 945 616 1126 682; x_wconf 83' lang='lat' dir='ltr'>Bellovacis</span> <span class='ocrx_word' id='word_1_24' title='bbox 1154 618 1283 682; x_wconf 88' lang='lat' dir='ltr'>calami-</span> <span class='ocrx_word' id='word_1_25' title='bbox 1354 679 1357 687; x_wconf 92' lang='lat'>.</span> 
     </span>
    </p>

    <p class='ocr_par' dir='ltr' id='par_1_3' title="bbox 170 721 1316 1233">
     <span class='ocr_line' id='line_1_4' title="bbox 170 721 1315 809; baseline 0.002 -21"><span class='ocrx_word' id='word_1_26' title='bbox 170 745 200 788; x_wconf 92' lang='lat'>10</span> <span class='ocrx_word' id='word_1_27' title='bbox 214 728 311 787; x_wconf 85' lang='lat' dir='ltr'>tatem</span> <span class='ocrx_word' id='word_1_28' title='bbox 337 723 502 805; x_wconf 81' lang='lat' dir='ltr'>accipiant.</span> <span class='ocrx_word' id='word_1_29' title='bbox 549 721 581 784; x_wconf 85' lang='lat' dir='ltr'>C.</span> <span class='ocrx_word' id='word_1_30' title='bbox 605 724 783 786; x_wconf 87' lang='lat' dir='ltr'>Antistium</span> <span class='ocrx_word' id='word_1_31' title='bbox 805 723 965 806; x_wconf 88' lang='lat' dir='ltr'>Reginum</span> <span class='ocrx_word' id='word_1_32' title='bbox 992 725 1026 786; x_wconf 92' lang='lat' dir='ltr'>in</span> <span class='ocrx_word' id='word_1_33' title='bbox 1050 725 1315 809; x_wconf 75' lang='lat' dir='ltr'>AmbivaretoS,s</span> 
     </span>
     <span class='ocr_line' id='line_1_5' title="bbox 212 828 1281 913; baseline 0.002 -20"><span class='ocrx_word' id='word_1_34' title='bbox 212 831 244 893; x_wconf 83' lang='grc' dir='ltr'>Τ.</span> <span class='ocrx_word' id='word_1_35' title='bbox 262 828 410 892; x_wconf 83' lang='lat' dir='ltr'>Sextium</span> <span class='ocrx_word' id='word_1_36' title='bbox 432 831 466 892; x_wconf 93' lang='lat' dir='ltr'>in</span> <span class='ocrx_word' id='word_1_37' title='bbox 483 829 656 913; x_wconf 83' lang='lat' dir='ltr'>Bituriges,</span> <span class='ocrx_word' id='word_1_38' title='bbox 680 828 712 892; x_wconf 90' lang='lat' dir='ltr'>C.</span> <span class='ocrx_word' id='word_1_39' title='bbox 730 830 901 893; x_wconf 91' lang='lat' dir='ltr'>Caninium</span> <span class='ocrx_word' id='word_1_40' title='bbox 916 830 1065 894; x_wconf 82' lang='lat' dir='ltr'>Rebilum</span> <span class='ocrx_word' id='word_1_41' title='bbox 1088 832 1122 893; x_wconf 93' lang='lat' dir='ltr'>in</span> <span class='ocrx_word' id='word_1_42' title='bbox 1138 831 1281 895; x_wconf 85' lang='lat' dir='ltr'>Rutenos</span> 
     </span>
     <span class='ocr_line' id='line_1_6' title="bbox 215 935 1311 1019; baseline 0.005 -19"><span class='ocrx_word' id='word_1_43' title='bbox 215 955 288 1000; x_wconf 93' lang='lat' dir='ltr'>cum</span> <span class='ocrx_word' id='word_1_44' title='bbox 313 936 447 1019; x_wconf 89' lang='lat' dir='ltr'>singulis</span> <span class='ocrx_word' id='word_1_45' title='bbox 469 935 649 1019; x_wconf 87' lang='lat' dir='ltr'>legionibus</span> <span class='ocrx_word' id='word_1_46' title='bbox 672 937 778 1000; x_wconf 89' lang='lat' dir='ltr'>mittit.</span> <span class='ocrx_word' id='word_1_47' title='bbox 819 935 853 1011; x_wconf 78' lang='lat' dir='ltr'>Q.</span> <span class='ocrx_word' id='word_1_48' title='bbox 876 937 1015 1000; x_wconf 77' lang='lat' dir='ltr'>llrllium</span> <span class='ocrx_word' id='word_1_49' title='bbox 1041 937 1226 1002; x_wconf 87' lang='lat' dir='ltr'>Ciceronem</span> <span class='ocrx_word' id='word_1_50' title='bbox 1251 943 1311 1005; x_wconf 82' lang='lat' dir='ltr'>etr</span> 
     </span>
     <span class='ocr_line' id='line_1_7' title="bbox 214 1041 1281 1125; baseline 0.001 -19"><span class='ocrx_word' id='word_1_51' title='bbox 214 1042 249 1106; x_wconf 91' lang='lat' dir='ltr'>P.</span> <span class='ocrx_word' id='word_1_52' title='bbox 266 1041 444 1125; x_wconf 84' lang='lat' dir='ltr'>Sulpicium</span> <span class='ocrx_word' id='word_1_53' title='bbox 460 1041 616 1106; x_wconf 76' lang='lat' dir='ltr'>Cauilloni</span> <span class='ocrx_word' id='word_1_54' title='bbox 640 1048 671 1107; x_wconf 93' lang='lat' dir='ltr'>et</span> <span class='ocrx_word' id='word_1_55' title='bbox 686 1043 862 1107; x_wconf 87' lang='lat' dir='ltr'>Matiscone</span> <span class='ocrx_word' id='word_1_56' title='bbox 881 1045 917 1106; x_wconf 94' lang='lat' dir='ltr'>in</span> <span class='ocrx_word' id='word_1_57' title='bbox 933 1043 1077 1108; x_wconf 84' lang='lat' dir='ltr'>Haeduis</span> <span class='ocrx_word' id='word_1_58' title='bbox 1097 1045 1138 1107; x_wconf 89' lang='lat' dir='ltr'>ad</span> <span class='ocrx_word' id='word_1_59' title='bbox 1154 1046 1281 1107; x_wconf 86' lang='lat' dir='ltr'>Ararim</span> 
     </span>
     <span class='ocr_line' id='line_1_8' title="bbox 214 1149 1316 1233; baseline 0.005 -21"><span class='ocrx_word' id='word_1_60' title='bbox 214 1150 263 1214; x_wconf 90' lang='lat' dir='ltr'>rei</span> <span class='ocrx_word' id='word_1_61' title='bbox 289 1150 517 1214; x_wconf 84' lang='lat' dir='ltr'>frumentariae</span> <span class='ocrx_word' id='word_1_62' title='bbox 545 1169 641 1214; x_wconf 87' lang='lat' dir='ltr'>causa</span> <span class='ocrx_word' id='word_1_63' title='bbox 669 1151 820 1213; x_wconf 84' lang='lat' dir='ltr'>conlocat.</span> <span class='ocrx_word' id='word_1_64' title='bbox 867 1152 935 1233; x_wconf 89' lang='lat' dir='ltr'>ipse</span> <span class='ocrx_word' id='word_1_65' title='bbox 962 1149 1112 1216; x_wconf 83' lang='lat' dir='ltr'>Bibracte</span> <span class='ocrx_word' id='word_1_66' title='bbox 1139 1151 1316 1217; x_wconf 79' lang='lat' dir='ltr'>hiemares</span> 
     </span>
    </p>

    <p class='ocr_par' dir='ltr' id='par_1_4' title="bbox 174 1255 1284 1446">
     <span class='ocr_line' id='line_1_9' title="bbox 174 1255 1284 1340; baseline 0.002 -22"><span class='ocrx_word' id='word_1_67' title='bbox 174 1275 202 1318; x_wconf 75' lang='lat'>15</span> <span class='ocrx_word' id='word_1_68' title='bbox 217 1257 389 1320; x_wconf 89' lang='lat' dir='ltr'>constituit.</span> <span class='ocrx_word' id='word_1_69' title='bbox 428 1257 477 1318; x_wconf 88' lang='lat' dir='ltr'>his</span> <span class='ocrx_word' id='word_1_70' title='bbox 504 1255 615 1340; x_wconf 81' lang='lat' dir='ltr'>&lt;rebus</span> <span class='ocrx_word' id='word_1_71' title='bbox 631 1275 673 1320; x_wconf 84' lang='lat' dir='ltr'>ex</span> <span class='ocrx_word' id='word_1_72' title='bbox 690 1255 846 1340; x_wconf 83' lang='lat' dir='ltr'>Caesaris&gt;</span> <span class='ocrx_word' id='word_1_73' title='bbox 872 1257 984 1321; x_wconf 89' lang='lat' dir='ltr'>litteris</span> <span class='ocrx_word' id='word_1_74' title='bbox 1008 1259 1143 1340; x_wconf 88' lang='lat' dir='ltr'>cognitis</span> <span class='ocrx_word' id='word_1_75' title='bbox 1161 1256 1284 1321; x_wconf 89' lang='lat' dir='ltr'>Romae</span> 
     </span>
     <span class='ocr_line' id='line_1_10' title="bbox 217 1361 820 1446; baseline -0.005 -19"><span class='ocrx_word' id='word_1_76' title='bbox 217 1364 342 1427; x_wconf 92' lang='lat' dir='ltr'>dierum</span> <span class='ocrx_word' id='word_1_77' title='bbox 364 1361 432 1426; x_wconf 91' lang='lat' dir='ltr'>XX</span> <span class='ocrx_word' id='word_1_78' title='bbox 456 1363 644 1446; x_wconf 87' lang='lat' dir='ltr'>supplicatio</span> <span class='ocrx_word' id='word_1_79' title='bbox 667 1364 820 1427; x_wconf 89' lang='lat' dir='ltr'>redditur.</span> 
     </span>
    </p>
   </div>
   <div class='ocr_carea' id='block_1_3' title="bbox 643 1663 857 1728">
    <p class='ocr_par' dir='ltr' id='par_1_5' title="bbox 643 1663 857 1728">
     <span class='ocr_line' id='line_1_11' title="bbox 643 1663 857 1728; baseline -0.009 0"><span class='ocrx_word' id='word_1_80' title='bbox 643 1665 683 1728; x_wconf 88' lang='grc' dir='ltr'>Α.</span> <span class='ocrx_word' id='word_1_81' title='bbox 706 1663 857 1728; x_wconf 86' lang='lat' dir='ltr'>HIRTII</span> 
     </span>
    </p>
   </div>
   <div class='ocr_carea' id='block_1_4' title="bbox 496 1807 997 2020">
    <p class='ocr_par' dir='ltr' id='par_1_6' title="bbox 496 1807 997 2020">
     <span class='ocr_line' id='line_1_12' title="bbox 496 1807 997 1884; baseline -0.002 -2"><span class='ocrx_word' id='word_1_82' title='bbox 496 1808 687 1882; x_wconf 85' lang='lat' dir='ltr'><strong>BELLI</strong></span> <span class='ocrx_word' id='word_1_83' title='bbox 726 1807 997 1884; x_wconf 83' lang='lat' dir='ltr'>GALLICI</span> 
     </span>
     <span class='ocr_line' id='line_1_13' title="bbox 602 1965 896 2020; baseline -0.007 0"><span class='ocrx_word' id='word_1_84' title='bbox 602 1966 710 2020; x_wconf 78' lang='lat' dir='ltr'>arena</span> <span class='ocrx_word' id='word_1_85' title='bbox 728 1965 896 2020; x_wconf 73' lang='lat' dir='ltr'>octavos.</span> 
     </span>
    </p>
   </div>
   <div class='ocr_carea' id='block_1_5' title="bbox 217 2146 1315 2445">
    <p class='ocr_par' dir='ltr' id='par_1_7' title="bbox 217 2146 1315 2445">
     <span class='ocr_line' id='line_1_14' title="bbox 308 2146 1315 2230; baseline -0.001 -20"><span class='ocrx_word' id='word_1_86' title='bbox 308 2146 443 2210; x_wconf 83' lang='lat' dir='ltr'>Coactus</span> <span class='ocrx_word' id='word_1_87' title='bbox 467 2147 609 2209; x_wconf 88' lang='lat' dir='ltr'>adsiduis</span> <span class='ocrx_word' id='word_1_88' title='bbox 633 2148 696 2209; x_wconf 90' lang='lat' dir='ltr'>tuis</span> <span class='ocrx_word' id='word_1_89' title='bbox 719 2147 865 2230; x_wconf 79' lang='lat' dir='ltr'>vocibus,</span> <span class='ocrx_word' id='word_1_90' title='bbox 888 2146 1001 2230; x_wconf 79' lang='lat' dir='ltr'>Balbe,</span> <span class='ocrx_word' id='word_1_91' title='bbox 1029 2167 1102 2210; x_wconf 92' lang='lat' dir='ltr'>cum</span> <span class='ocrx_word' id='word_1_92' title='bbox 1126 2148 1315 2211; x_wconf 72' lang='lat' dir='ltr'>cotidianas</span> 
     </span>
     <span class='ocr_line' id='line_1_15' title="bbox 218 2253 1285 2336; baseline 0.001 -20"><span class='ocrx_word' id='word_1_93' title='bbox 218 2274 289 2318; x_wconf 88' lang='lat' dir='ltr'>mea</span> <span class='ocrx_word' id='word_1_94' title='bbox 307 2254 465 2318; x_wconf 89' lang='lat' dir='ltr'>recusatio</span> <span class='ocrx_word' id='word_1_95' title='bbox 488 2273 554 2316; x_wconf 91' lang='lat' dir='ltr'>non</span> <span class='ocrx_word' id='word_1_96' title='bbox 578 2253 772 2316; x_wconf 90' lang='lat' dir='ltr'>difficultatis</span> <span class='ocrx_word' id='word_1_97' title='bbox 795 2255 1048 2336; x_wconf 80' lang='lat' dir='ltr'>excusationem,</span> <span class='ocrx_word' id='word_1_98' title='bbox 1072 2254 1127 2316; x_wconf 94' lang='lat' dir='ltr'>sed</span> <span class='ocrx_word' id='word_1_99' title='bbox 1150 2254 1285 2318; x_wconf 90' lang='lat' dir='ltr'>inertiae</span> 
     </span>
     <span class='ocr_line' id='line_1_16' title="bbox 217 2359 1283 2445; baseline 0.001 -22"><span class='ocrx_word' id='word_1_100' title='bbox 217 2362 381 2425; x_wconf 83' lang='lat' dir='ltr'>rideretur</span> <span class='ocrx_word' id='word_1_101' title='bbox 397 2361 650 2445; x_wconf 84' lang='lat' dir='ltr'>deprecationem</span> <span class='ocrx_word' id='word_1_102' title='bbox 666 2360 797 2442; x_wconf 89' lang='lat' dir='ltr'>habere,</span> <span class='ocrx_word' id='word_1_103' title='bbox 818 2359 1038 2423; x_wconf 86' lang='lat' dir='ltr'>difficillimam</span> <span class='ocrx_word' id='word_1_104' title='bbox 1058 2379 1126 2423; x_wconf 88' lang='lat' dir='ltr'>rem</span> <span class='ocrx_word' id='word_1_105' title='bbox 1143 2363 1283 2444; x_wconf 88' lang='lat' dir='ltr'>suscepi:</span> 
     </span>
    </p>
   </div>
   <div class='ocr_carea' id='block_1_6' title="bbox 100 2466 1322 3406">
    <p class='ocr_par' dir='ltr' id='par_1_8' title="bbox 100 2466 1322 3406">
     <span class='ocr_line' id='line_1_17' title="bbox 220 2466 1319 2552; baseline -0.001 -21"><span class='ocrx_word' id='word_1_106' title='bbox 220 2467 360 2532; x_wconf 82' lang='lat' dir='ltr'>Caesaris</span> <span class='ocrx_word' id='word_1_107' title='bbox 376 2468 477 2532; x_wconf 91' lang='lat' dir='ltr'>nostri</span> <span class='ocrx_word' id='word_1_108' title='bbox 493 2469 736 2531; x_wconf 88' lang='lat' dir='ltr'>commentarios</span> <span class='ocrx_word' id='word_1_109' title='bbox 751 2487 860 2531; x_wconf 90' lang='lat' dir='ltr'>rerum</span> <span class='ocrx_word' id='word_1_110' title='bbox 878 2472 1038 2549; x_wconf 88' lang='lat' dir='ltr'>gestamm</span> <span class='ocrx_word' id='word_1_111' title='bbox 1055 2466 1200 2552; x_wconf 83' lang='lat' dir='ltr'>[Galliae]</span> <span class='ocrx_word' id='word_1_112' title='bbox 1219 2487 1282 2530; x_wconf 92' lang='lat' dir='ltr'>non</span> <span class='ocrx_word' id='word_1_113' title='bbox 1298 2487 1319 2529; x_wconf 82' lang='lat' dir='ltr'>a</span> 
     </span>
     <span class='ocr_line' id='line_1_18' title="bbox 192 2574 1286 2660; baseline -0.002 -21"><span class='ocrx_word' id='word_1_114' title='bbox 192 2575 471 2660; x_wconf 78' lang='lat' dir='ltr'>ccompetentibus</span> <span class='ocrx_word' id='word_1_115' title='bbox 495 2575 712 2658; x_wconf 90' lang='lat' dir='ltr'>superioribus</span> <span class='ocrx_word' id='word_1_116' title='bbox 727 2580 822 2657; x_wconf 87' lang='lat' dir='ltr'>atque</span> <span class='ocrx_word' id='word_1_117' title='bbox 838 2574 1080 2656; x_wconf 89' lang='lat' dir='ltr'>insequentibus</span> <span class='ocrx_word' id='word_1_118' title='bbox 1100 2575 1169 2638; x_wconf 90' lang='lat' dir='ltr'>eius</span> <span class='ocrx_word' id='word_1_119' title='bbox 1189 2577 1286 2659; x_wconf 91' lang='lat' dir='ltr'>scrip-</span> 
     </span>
     <span class='ocr_line' id='line_1_19' title="bbox 218 2682 1287 2765; baseline -0.002 -19"><span class='ocrx_word' id='word_1_120' title='bbox 218 2683 259 2746; x_wconf 88' lang='lat' dir='ltr'>tis</span> <span class='ocrx_word' id='word_1_121' title='bbox 283 2682 436 2746; x_wconf 85' lang='lat' dir='ltr'>contexui</span> <span class='ocrx_word' id='word_1_122' title='bbox 459 2682 734 2762; x_wconf 82' lang='lat' dir='ltr'>novissimumque</span> <span class='ocrx_word' id='word_1_123' title='bbox 761 2682 981 2764; x_wconf 85' lang='lat' dir='ltr'>imperfectum</span> <span class='ocrx_word' id='word_1_124' title='bbox 1005 2682 1043 2744; x_wconf 93' lang='lat' dir='ltr'>ab</span> <span class='ocrx_word' id='word_1_125' title='bbox 1069 2682 1164 2745; x_wconf 92' lang='lat' dir='ltr'>rebus</span> <span class='ocrx_word' id='word_1_126' title='bbox 1187 2683 1287 2765; x_wconf 88' lang='lat' dir='ltr'>gestis</span> 
     </span>
     <span class='ocr_line' id='line_1_20' title="bbox 218 2788 1288 2871; baseline -0.001 -19"><span class='ocrx_word' id='word_1_127' title='bbox 218 2789 432 2852; x_wconf 85' lang='lat' dir='ltr'>Alexandriae</span> <span class='ocrx_word' id='word_1_128' title='bbox 455 2789 578 2852; x_wconf 86' lang='lat' dir='ltr'>confeci</span> <span class='ocrx_word' id='word_1_129' title='bbox 599 2807 702 2871; x_wconf 92' lang='lat' dir='ltr'>usque</span> <span class='ocrx_word' id='word_1_130' title='bbox 731 2788 770 2850; x_wconf 93' lang='lat' dir='ltr'>ad</span> <span class='ocrx_word' id='word_1_131' title='bbox 794 2789 915 2851; x_wconf 85' lang='lat' dir='ltr'>exitum</span> <span class='ocrx_word' id='word_1_132' title='bbox 941 2806 1007 2851; x_wconf 92' lang='lat' dir='ltr'>non</span> <span class='ocrx_word' id='word_1_133' title='bbox 1031 2788 1160 2871; x_wconf 91' lang='lat' dir='ltr'>quidem</span> <span class='ocrx_word' id='word_1_134' title='bbox 1184 2788 1288 2851; x_wconf 82' lang='lat' dir='ltr'>civilis</span> 
     </span>
     <span class='ocr_line' id='line_1_21' title="bbox 220 2892 1287 2978; baseline -0.001 -20"><span class='ocrx_word' id='word_1_135' title='bbox 220 2896 440 2978; x_wconf 55' lang='lat' dir='ltr'>dissensionis</span> <span class='ocrx_word' id='word_1_136' title='bbox 464 2896 556 2959; x_wconf 89' lang='lat' dir='ltr'>cuius</span> <span class='ocrx_word' id='word_1_137' title='bbox 578 2894 675 2958; x_wconf 89' lang='lat' dir='ltr'>finem</span> <span class='ocrx_word' id='word_1_138' title='bbox 699 2895 824 2957; x_wconf 94' lang='lat' dir='ltr'>nullum</span> <span class='ocrx_word' id='word_1_139' title='bbox 845 2895 1002 2978; x_wconf 80' lang='lat' dir='ltr'>videmus,</span> <span class='ocrx_word' id='word_1_140' title='bbox 1026 2894 1079 2957; x_wconf 92' lang='lat' dir='ltr'>sed</span> <span class='ocrx_word' id='word_1_141' title='bbox 1105 2895 1189 2956; x_wconf 88' lang='lat' dir='ltr'>vitae</span> <span class='ocrx_word' id='word_1_142' title='bbox 1210 2892 1287 2957; x_wconf 91' lang='lat' dir='ltr'>Cae-</span> 
     </span>
     <span class='ocr_line' id='line_1_22' title="bbox 220 3001 1322 3085; baseline -0.005 -19"><span class='ocrx_word' id='word_1_143' title='bbox 220 3004 307 3066; x_wconf 89' lang='lat' dir='ltr'>saris.</span> <span class='ocrx_word' id='word_1_144' title='bbox 346 3022 425 3085; x_wconf 90' lang='lat' dir='ltr'>quos</span> <span class='ocrx_word' id='word_1_145' title='bbox 449 3002 572 3064; x_wconf 90' lang='lat' dir='ltr'>utinam</span> <span class='ocrx_word' id='word_1_146' title='bbox 596 3003 651 3083; x_wconf 87' lang='lat' dir='ltr'>qni</span> <span class='ocrx_word' id='word_1_147' title='bbox 673 3001 781 3084; x_wconf 89' lang='lat' dir='ltr'>legent</span> <span class='ocrx_word' id='word_1_148' title='bbox 803 3002 882 3065; x_wconf 88' lang='lat' dir='ltr'>scire</span> <span class='ocrx_word' id='word_1_149' title='bbox 902 3001 1025 3084; x_wconf 90' lang='lat' dir='ltr'>possint</span> <span class='ocrx_word' id='word_1_150' title='bbox 1049 3020 1143 3082; x_wconf 90' lang='lat' dir='ltr'>quam</span> <span class='ocrx_word' id='word_1_151' title='bbox 1163 3001 1285 3064; x_wconf 89' lang='lat' dir='ltr'>invitus</span> <span class='ocrx_word' id='word_1_152' title='bbox 1300 3019 1322 3061; x_wconf 78' lang='lat' dir='ltr'>a</span> 
     </span>
     <span class='ocr_line' id='line_1_23' title="bbox 100 3107 1288 3193; baseline 0.001 -22"><span class='ocrx_word' id='word_1_153' title='bbox 100 3130 103 3136; x_wconf 94' lang='lat'>·</span> <span class='ocrx_word' id='word_1_154' title='bbox 179 3129 206 3172; x_wconf 87' lang='lat' dir='ltr'>ro</span> <span class='ocrx_word' id='word_1_155' title='bbox 220 3110 413 3193; x_wconf 90' lang='lat' dir='ltr'>susceperim</span> <span class='ocrx_word' id='word_1_156' title='bbox 432 3109 629 3190; x_wconf 78' lang='lat' dir='ltr'>scribendos,</span> <span class='ocrx_word' id='word_1_157' title='bbox 654 3128 716 3190; x_wconf 93' lang='lat' dir='ltr'>quo</span> <span class='ocrx_word' id='word_1_158' title='bbox 739 3108 862 3171; x_wconf 90' lang='lat' dir='ltr'>facilius</span> <span class='ocrx_word' id='word_1_159' title='bbox 878 3127 1002 3172; x_wconf 89' lang='lat' dir='ltr'>caream</span> <span class='ocrx_word' id='word_1_160' title='bbox 1022 3107 1173 3171; x_wconf 87' lang='lat' dir='ltr'>stultitiae</span> <span class='ocrx_word' id='word_1_161' title='bbox 1191 3112 1288 3191; x_wconf 90' lang='lat' dir='ltr'>atque</span> 
     </span>
     <span class='ocr_line' id='line_1_24' title="bbox 220 3214 1287 3300; baseline -0.002 -20"><span class='ocrx_word' id='word_1_162' title='bbox 220 3218 417 3300; x_wconf 86' lang='lat' dir='ltr'>arrogantiae</span> <span class='ocrx_word' id='word_1_163' title='bbox 439 3217 584 3300; x_wconf 86' lang='lat' dir='ltr'>crimine,</span> <span class='ocrx_word' id='word_1_164' title='bbox 606 3216 662 3298; x_wconf 91' lang='lat' dir='ltr'>qui</span> <span class='ocrx_word' id='word_1_165' title='bbox 683 3235 734 3278; x_wconf 82' lang='lat' dir='ltr'>nie</span> <span class='ocrx_word' id='word_1_166' title='bbox 750 3216 866 3279; x_wconf 89' lang='lat' dir='ltr'>mediis</span> <span class='ocrx_word' id='word_1_167' title='bbox 882 3216 1126 3298; x_wconf 91' lang='lat' dir='ltr'>interposuerim</span> <span class='ocrx_word' id='word_1_168' title='bbox 1143 3214 1287 3278; x_wconf 85' lang='lat' dir='ltr'>Caesaris</span> 
     </span>
     <span class='ocr_line' id='line_1_25' title="bbox 220 3321 1322 3406; baseline -0.006 -18"><span class='ocrx_word' id='word_1_169' title='bbox 220 3325 353 3406; x_wconf 91' lang='lat' dir='ltr'>scriptis.</span> <span class='ocrx_word' id='word_1_170' title='bbox 393 3327 514 3386; x_wconf 87' lang='lat' dir='ltr'>constat</span> <span class='ocrx_word' id='word_1_171' title='bbox 537 3323 620 3387; x_wconf 91' lang='lat' dir='ltr'>enirn</span> <span class='ocrx_word' id='word_1_172' title='bbox 644 3324 728 3386; x_wconf 87' lang='lat' dir='ltr'>inter</span> <span class='ocrx_word' id='word_1_173' title='bbox 751 3342 861 3386; x_wconf 91' lang='lat' dir='ltr'>omnes</span> <span class='ocrx_word' id='word_1_174' title='bbox 888 3323 969 3385; x_wconf 92' lang='lat' dir='ltr'>nihil</span> <span class='ocrx_word' id='word_1_175' title='bbox 996 3327 1060 3385; x_wconf 89' lang='lat' dir='ltr'>tam</span> <span class='ocrx_word' id='word_1_176' title='bbox 1090 3341 1218 3405; x_wconf 91' lang='lat' dir='ltr'>operose</span> <span class='ocrx_word' id='word_1_177' title='bbox 1247 3321 1285 3384; x_wconf 93' lang='lat' dir='ltr'>ab</span> <span class='ocrx_word' id='word_1_178' title='bbox 1300 3340 1322 3381; x_wconf 74' lang='lat' dir='ltr'>a·</span> 
     </span>
    </p>
   </div>
   <div class='ocr_carea' id='block_1_7' title="bbox 219 3546 1295 4336">
    <p class='ocr_par' dir='ltr' id='par_1_9' title="bbox 220 3546 1295 3887">
     <span class='ocr_line' id='line_1_26' title="bbox 300 3546 1291 3620; baseline -0.003 -14"><span class='ocrx_word' id='word_1_179' title='bbox 300 3552 476 3606; x_wconf 82' lang='lat' dir='ltr'>Sminutium</span> <span class='ocrx_word' id='word_1_180' title='bbox 498 3571 538 3603; x_wconf 79' lang='grc' dir='ltr'>απ</span> <span class='ocrx_word' id='word_1_181' title='bbox 570 3552 578 3620; x_wconf 76' lang='lat' dir='ltr'>ll</span> <span class='ocrx_word' id='word_1_182' title='bbox 610 3551 919 3619; x_wconf 70' lang='lat' dir='ltr'>basiliun1S030m.ss</span> <span class='ocrx_word' id='word_1_183' title='bbox 955 3551 964 3618; x_wconf 82' lang='lat' dir='ltr'>ll</span> <span class='ocrx_word' id='word_1_184' title='bbox 1000 3546 1068 3605; x_wconf 85' lang='lat' dir='ltr'>9ab</span> <span class='ocrx_word' id='word_1_185' title='bbox 1087 3549 1170 3620; x_wconf 59' lang='grc' dir='ltr'><em>(ηαξ)</em></span> <span class='ocrx_word' id='word_1_186' title='bbox 1207 3551 1216 3617; x_wconf 74' lang='grc' dir='ltr'>ΙΙ</span> <span class='ocrx_word' id='word_1_187' title='bbox 1253 3551 1291 3604; x_wconf 82' lang='grc'>10</span> 
     </span>
     <span class='ocr_line' id='line_1_27' title="bbox 220 3638 1287 3710; baseline -0.006 -14"><span class='ocrx_word' id='word_1_188' title='bbox 220 3642 405 3696; x_wconf 86' lang='lat' dir='ltr'>Ambivaretos</span> <span class='ocrx_word' id='word_1_189' title='bbox 430 3641 533 3710; x_wconf 58' lang='grc' dir='ltr'>δίοψις</span> <span class='ocrx_word' id='word_1_190' title='bbox 557 3640 732 3694; x_wconf 89' lang='lat' dir='ltr'>ambibaretos</span> <span class='ocrx_word' id='word_1_191' title='bbox 750 3640 788 3707; x_wconf 78' lang='lat' dir='ltr'>X3</span> <span class='ocrx_word' id='word_1_192' title='bbox 812 3640 987 3694; x_wconf 85' lang='lat' dir='ltr'>ambibraotos</span> <span class='ocrx_word' id='word_1_193' title='bbox 1013 3639 1035 3692; x_wconf 83' lang='lat' dir='ltr'><strong><em>S</em></strong></span> <span class='ocrx_word' id='word_1_194' title='bbox 1069 3639 1077 3706; x_wconf 85' lang='grc' dir='ltr'>Ι]</span> <span class='ocrx_word' id='word_1_195' title='bbox 1115 3639 1148 3691; x_wconf 81' lang='grc'>12</span> <span class='ocrx_word' id='word_1_196' title='bbox 1172 3638 1287 3691; x_wconf 76' lang='lat' dir='ltr'>Tullium</span> 
     </span>
     <span class='ocr_line' id='line_1_28' title="bbox 220 3726 1295 3800; baseline -0.007 -15"><span class='ocrx_word' id='word_1_197' title='bbox 220 3749 273 3785; x_wconf 82' lang='lat' dir='ltr'>orn.</span> <span class='ocrx_word' id='word_1_198' title='bbox 293 3750 315 3783; x_wconf 86' lang='grc' dir='ltr'><em>π</em></span> <span class='ocrx_word' id='word_1_199' title='bbox 346 3733 355 3800; x_wconf 72' lang='grc' dir='ltr'>[Ι</span> <span class='ocrx_word' id='word_1_200' title='bbox 388 3733 421 3785; x_wconf 88' lang='grc'>13</span> <span class='ocrx_word' id='word_1_201' title='bbox 441 3729 581 3784; x_wconf 88' lang='lat' dir='ltr'>oabillonni</span> <span class='ocrx_word' id='word_1_202' title='bbox 601 3749 618 3781; x_wconf 80' lang='lat' dir='ltr'>o</span> <span class='ocrx_word' id='word_1_203' title='bbox 650 3730 658 3798; x_wconf 76' lang='lat' dir='ltr'>lt</span> <span class='ocrx_word' id='word_1_204' title='bbox 695 3731 727 3783; x_wconf 89' lang='lat' dir='ltr'>ad</span> <span class='ocrx_word' id='word_1_205' title='bbox 748 3729 795 3797; x_wconf 68' lang='lat' dir='ltr'>Spi3</span> <span class='ocrx_word' id='word_1_206' title='bbox 815 3730 882 3782; x_wconf 89' lang='lat' dir='ltr'>adad</span> <span class='ocrx_word' id='word_1_207' title='bbox 902 3749 919 3781; x_wconf 81' lang='grc' dir='ltr'><strong><em>α</em></strong></span> <span class='ocrx_word' id='word_1_208' title='bbox 956 3729 964 3796; x_wconf 78' lang='lat' dir='ltr'>l!</span> <span class='ocrx_word' id='word_1_209' title='bbox 1002 3729 1035 3780; x_wconf 86' lang='grc'>14</span> <span class='ocrx_word' id='word_1_210' title='bbox 1054 3727 1187 3782; x_wconf 86' lang='lat' dir='ltr'>bibractae</span> <span class='ocrx_word' id='word_1_211' title='bbox 1205 3726 1265 3779; x_wconf 86' lang='grc' dir='ltr'>ΒΜ</span> <span class='ocrx_word' id='word_1_212' title='bbox 1280 3727 1295 3799; x_wconf 73' lang='lat' dir='ltr'>ll&#39;</span> 
     </span>
     <span class='ocr_line' id='line_1_29' title="bbox 222 3817 1295 3887; baseline -0.003 -14"><span class='ocrx_word' id='word_1_213' title='bbox 222 3822 255 3876; x_wconf 85' lang='lat'>15</span> <span class='ocrx_word' id='word_1_214' title='bbox 273 3821 354 3875; x_wconf 85' lang='lat' dir='ltr'>rebus</span> <span class='ocrx_word' id='word_1_215' title='bbox 373 3837 407 3873; x_wconf 87' lang='lat' dir='ltr'>ex</span> <span class='ocrx_word' id='word_1_216' title='bbox 426 3820 546 3875; x_wconf 86' lang='lat' dir='ltr'>Caesaris</span> <span class='ocrx_word' id='word_1_217' title='bbox 569 3820 631 3872; x_wconf 83' lang='lat' dir='ltr'>cdd.</span> <span class='ocrx_word' id='word_1_218' title='bbox 652 3819 753 3887; x_wconf 79' lang='lat' dir='ltr'>(Diui.)</span> <span class='ocrx_word' id='word_1_219' title='bbox 773 3818 843 3885; x_wconf 80' lang='lat' dir='ltr'>HM,</span> <span class='ocrx_word' id='word_1_220' title='bbox 865 3818 945 3872; x_wconf 90' lang='lat' dir='ltr'>huius</span> <span class='ocrx_word' id='word_1_221' title='bbox 965 3817 1026 3871; x_wconf 89' lang='lat' dir='ltr'>anni</span> <span class='ocrx_word' id='word_1_222' title='bbox 1044 3817 1124 3870; x_wconf 85' lang='lat' dir='ltr'>rebus</span> <span class='ocrx_word' id='word_1_223' title='bbox 1143 3817 1253 3885; x_wconf 87' lang='lat' dir='ltr'>cognitis</span> <span class='ocrx_word' id='word_1_224' title='bbox 1271 3824 1295 3884; x_wconf 78' lang='grc' dir='ltr'>β’</span> 
     </span>
    </p>

    <p class='ocr_par' dir='ltr' id='par_1_10' title="bbox 219 3905 1294 4336">
     <span class='ocr_line' id='line_1_30' title="bbox 300 3905 1290 3977; baseline -0.007 -12"><span class='ocrx_word' id='word_1_225' title='bbox 300 3909 383 3965; x_wconf 85' lang='lat' dir='ltr'><strong>VIII.</strong></span> <span class='ocrx_word' id='word_1_226' title='bbox 394 3911 410 3963; x_wconf 88' lang='lat'><strong>3</strong></span> <span class='ocrx_word' id='word_1_227' title='bbox 420 3909 601 3962; x_wconf 86' lang='lat' dir='ltr'>difficillimam</span> <span class='ocrx_word' id='word_1_228' title='bbox 610 3925 667 3962; x_wconf 90' lang='lat' dir='ltr'>rem</span> <span class='ocrx_word' id='word_1_229' title='bbox 677 3908 728 3975; x_wconf 71' lang='lat' dir='ltr'>Qfi3</span> <span class='ocrx_word' id='word_1_230' title='bbox 741 3925 797 3962; x_wconf 89' lang='lat' dir='ltr'>rem</span> <span class='ocrx_word' id='word_1_231' title='bbox 811 3925 863 3961; x_wconf 84' lang='lat' dir='ltr'>om.</span> <span class='ocrx_word' id='word_1_232' title='bbox 875 3926 906 3975; x_wconf 82' lang='lat' dir='ltr'>u3</span> <span class='ocrx_word' id='word_1_233' title='bbox 920 3923 976 3960; x_wconf 90' lang='lat' dir='ltr'>rem</span> <span class='ocrx_word' id='word_1_234' title='bbox 989 3905 1172 3959; x_wconf 88' lang='lat' dir='ltr'>difficillimam</span> <span class='ocrx_word' id='word_1_235' title='bbox 1182 3905 1267 3975; x_wconf 82' lang='lat' dir='ltr'>Na&#39;pp.</span> <span class='ocrx_word' id='word_1_236' title='bbox 1280 3905 1290 3977; x_wconf 74' lang='lat' dir='ltr'>ll</span> 
     </span>
     <span class='ocr_line' id='line_1_31' title="bbox 221 3995 1294 4066; baseline -0.005 -14"><span class='ocrx_word' id='word_1_237' title='bbox 221 3999 357 4054; x_wconf 78' lang='lat' dir='ltr'>llCalliac</span> <span class='ocrx_word' id='word_1_238' title='bbox 375 3999 425 4052; x_wconf 82' lang='lat' dir='ltr'>del.</span> <span class='ocrx_word' id='word_1_239' title='bbox 451 3998 537 4052; x_wconf 82' lang='lat' dir='ltr'>Vicllr.</span> <span class='ocrx_word' id='word_1_240' title='bbox 570 3999 579 4066; x_wconf 77' lang='lat' dir='ltr'>ll</span> <span class='ocrx_word' id='word_1_241' title='bbox 611 3997 858 4066; x_wconf 78' lang='lat' dir='ltr'>boompetentibus</span> <span class='ocrx_word' id='word_1_242' title='bbox 876 3996 1052 4064; x_wconf 60' lang='lat' dir='ltr'>Bernharog</span> <span class='ocrx_word' id='word_1_243' title='bbox 1076 3995 1294 4064; x_wconf 83' lang='lat' dir='ltr'>comparantibus</span> 
     </span>
     <span class='ocr_line' id='line_1_32' title="bbox 219 4084 1291 4157; baseline -0.005 -16"><span class='ocrx_word' id='word_1_244' title='bbox 219 4088 259 4157; x_wconf 88' lang='lat' dir='ltr'>X;</span> <span class='ocrx_word' id='word_1_245' title='bbox 279 4088 490 4157; x_wconf 87' lang='lat' dir='ltr'>conspirantibus</span> <span class='ocrx_word' id='word_1_246' title='bbox 507 4085 660 4155; x_wconf 70' lang='lat' dir='ltr'>Landgraf</span> <span class='ocrx_word' id='word_1_247' title='bbox 687 4087 695 4154; x_wconf 75' lang='lat' dir='ltr'>lt</span> <span class='ocrx_word' id='word_1_248' title='bbox 728 4088 744 4141; x_wconf 88' lang='grc'><strong>6</strong></span> <span class='ocrx_word' id='word_1_249' title='bbox 763 4086 991 4154; x_wconf 89' lang='lat' dir='ltr'>nouissimumquo</span> <span class='ocrx_word' id='word_1_250' title='bbox 1010 4085 1048 4137; x_wconf 85' lang='lat' dir='ltr'>ed.</span> <span class='ocrx_word' id='word_1_251' title='bbox 1067 4085 1095 4152; x_wconf 79' lang='lat'>13</span> <span class='ocrx_word' id='word_1_252' title='bbox 1113 4084 1291 4139; x_wconf 90' lang='lat' dir='ltr'>nouissimum</span> 
     </span>
     <span class='ocr_line' id='line_1_33' title="bbox 221 4171 1292 4246; baseline -0.005 -16"><span class='ocrx_word' id='word_1_253' title='bbox 221 4193 287 4246; x_wconf 88' lang='lat' dir='ltr'>quae</span> <span class='ocrx_word' id='word_1_254' title='bbox 308 4196 337 4245; x_wconf 70' lang='grc' dir='ltr'>ας</span> <span class='ocrx_word' id='word_1_255' title='bbox 356 4177 588 4245; x_wconf 70' lang='grc' dir='ltr'>ηοιιῐεείη]εᾳηοβ</span> <span class='ocrx_word' id='word_1_256' title='bbox 619 4177 627 4244; x_wconf 79' lang='lat' dir='ltr'>ll</span> <span class='ocrx_word' id='word_1_257' title='bbox 659 4175 692 4228; x_wconf 89' lang='lat' dir='ltr'>ab</span> <span class='ocrx_word' id='word_1_258' title='bbox 712 4174 754 4242; x_wconf 66' lang='lat' dir='ltr'>“fl</span> <span class='ocrx_word' id='word_1_259' title='bbox 774 4176 843 4242; x_wconf 67' lang='lat' dir='ltr'>add</span> <span class='ocrx_word' id='word_1_260' title='bbox 874 4175 883 4244; x_wconf 75' lang='lat' dir='ltr'>ll</span> <span class='ocrx_word' id='word_1_261' title='bbox 914 4173 1068 4243; x_wconf 72' lang='lat' dir='ltr'>blegerent</span> <span class='ocrx_word' id='word_1_262' title='bbox 1081 4193 1113 4242; x_wconf 83' lang='grc' dir='ltr'>χ;</span> <span class='ocrx_word' id='word_1_263' title='bbox 1132 4173 1222 4243; x_wconf 89' lang='lat' dir='ltr'>legant</span> <span class='ocrx_word' id='word_1_264' title='bbox 1241 4173 1264 4226; x_wconf 85' lang='lat' dir='ltr'><strong><em>S</em></strong></span> <span class='ocrx_word' id='word_1_265' title='bbox 1280 4171 1292 4244; x_wconf 75' lang='lat' dir='ltr'>{l</span> 
     </span>
     <span class='ocr_line' id='line_1_34' title="bbox 220 4265 907 4336; baseline -0.009 -15"><span class='ocrx_word' id='word_1_266' title='bbox 220 4269 329 4336; x_wconf 85' lang='lat' dir='ltr'>possent</span> <span class='ocrx_word' id='word_1_267' title='bbox 342 4287 364 4336; x_wconf 82' lang='grc' dir='ltr'><em>χ</em></span> <span class='ocrx_word' id='word_1_268' title='bbox 395 4269 404 4335; x_wconf 76' lang='lat' dir='ltr'>ll</span> <span class='ocrx_word' id='word_1_269' title='bbox 437 4266 470 4319; x_wconf 83' lang='lat'>12</span> <span class='ocrx_word' id='word_1_270' title='bbox 488 4268 543 4319; x_wconf 90' lang='lat' dir='ltr'>tam</span> <span class='ocrx_word' id='word_1_271' title='bbox 562 4282 615 4320; x_wconf 86' lang='lat' dir='ltr'>om.</span> <span class='ocrx_word' id='word_1_272' title='bbox 636 4283 658 4315; x_wconf 84' lang='grc' dir='ltr'><em>π</em></span> <span class='ocrx_word' id='word_1_273' title='bbox 690 4265 698 4332; x_wconf 73' lang='lat' dir='ltr'>ll</span> <span class='ocrx_word' id='word_1_274' title='bbox 730 4270 907 4333; x_wconf 72' lang='lat' dir='ltr'>operosumfi</span> 
     </span>
    </p>
   </div>
   <div class='ocr_carea' id='block_1_8' title="bbox 0 0 1612 4812">
    <p class='ocr_par' dir='ltr' id='par_1_11' title="bbox 0 0 1612 4812">
     <span class='ocr_line' id='line_1_35' title="bbox 0 0 1612 4812; baseline 0 0"><span class='ocrx_word' id='word_1_275' title='bbox 0 0 1612 4812; x_wconf 95' lang='lat' dir='ltr'> </span> 
     </span>
    </p>
   </div>
  </div>
 </body>
</html>
