<?xml version="1.0" encoding="UTF-8"?>
<!DOCTYPE html PUBLIC "-//W3C//DTD XHTML 1.0 Transitional//EN"
    "http://www.w3.org/TR/xhtml1/DTD/xhtml1-transitional.dtd">
<html xmlns="http://www.w3.org/1999/xhtml" xml:lang="en" lang="en">
 <head>
  <title>
</title>
<meta http-equiv="Content-Type" content="text/html;charset=utf-8" />
  <meta name='ocr-system' content='tesseract 3.04.00' />
  <meta name='ocr-capabilities' content='ocr_page ocr_carea ocr_par ocr_line ocrx_word'/>
</head>
<body>
  <div class='ocr_page' id='page_1' title='image "./ciuliicaesarisb04meusgoog_0256.png"; bbox 0 0 3214 4812; ppageno 0'>
   <div class='ocr_carea' id='block_1_1' title="bbox 565 327 1315 394">
    <p class='ocr_par' dir='ltr' id='par_1_1' title="bbox 565 327 1315 394">
     <span class='ocr_line' id='line_1_1' title="bbox 565 327 1315 394; baseline -0.008 -1"><span class='ocrx_word' id='word_1_1' title='bbox 565 339 671 393; x_wconf 82' lang='lat' dir='ltr'>LIBER</span> <span class='ocrx_word' id='word_1_2' title='bbox 690 340 763 394; x_wconf 76' lang='lat' dir='ltr'>vm.</span> <span class='ocrx_word' id='word_1_3' title='bbox 785 339 859 394; x_wconf 84' lang='lat' dir='ltr'>CAP.</span> <span class='ocrx_word' id='word_1_4' title='bbox 880 340 1001 394; x_wconf 84' lang='lat'>29—33.</span> <span class='ocrx_word' id='word_1_5' title='bbox 1253 327 1315 388; x_wconf 77' lang='grc'>237</span> 
     </span>
    </p>
   </div>
   <div class='ocr_carea' id='block_1_2' title="bbox 209 503 1375 3370">
    <p class='ocr_par' dir='ltr' id='par_1_2' title="bbox 209 503 1375 3370">
     <span class='ocr_line' id='line_1_2' title="bbox 251 503 1345 586; baseline 0.003 -22"><span class='ocrx_word' id='word_1_6' title='bbox 251 521 330 566; x_wconf 89' lang='lat' dir='ltr'>naco</span> <span class='ocrx_word' id='word_1_7' title='bbox 353 503 482 582; x_wconf 79' lang='lat' dir='ltr'>fecerat,</span> <span class='ocrx_word' id='word_1_8' title='bbox 510 503 616 586; x_wconf 90' lang='lat' dir='ltr'>copias</span> <span class='ocrx_word' id='word_1_9' title='bbox 640 521 709 566; x_wconf 89' lang='lat' dir='ltr'>esse</span> <span class='ocrx_word' id='word_1_10' title='bbox 733 504 851 566; x_wconf 90' lang='lat' dir='ltr'>accisas</span> <span class='ocrx_word' id='word_1_11' title='bbox 874 503 1002 566; x_wconf 78' lang='lat' dir='ltr'>sciebat.</span> <span class='ocrx_word' id='word_1_12' title='bbox 1051 522 1115 566; x_wconf 90' lang='lat' dir='ltr'>non</span> <span class='ocrx_word' id='word_1_13' title='bbox 1145 504 1231 566; x_wconf 92' lang='lat' dir='ltr'>enim</span> <span class='ocrx_word' id='word_1_14' title='bbox 1260 503 1345 568; x_wconf 85' lang='lat' dir='ltr'>du-2</span> 
     </span>
     <span class='ocr_line' id='line_1_3' title="bbox 251 609 1319 691; baseline 0.001 -20"><span class='ocrx_word' id='word_1_15' title='bbox 251 609 383 691; x_wconf 89' lang='lat' dir='ltr'>bitabat,</span> <span class='ocrx_word' id='word_1_16' title='bbox 417 610 494 691; x_wconf 91' lang='lat' dir='ltr'>quin</span> <span class='ocrx_word' id='word_1_17' title='bbox 521 611 643 673; x_wconf 79' lang='lat' dir='ltr'>recenti</span> <span class='ocrx_word' id='word_1_18' title='bbox 670 610 847 674; x_wconf 78' lang='lat' dir='ltr'>calamitate</span> <span class='ocrx_word' id='word_1_19' title='bbox 875 610 1109 674; x_wconf 82' lang='lat' dir='ltr'>summissiores</span> <span class='ocrx_word' id='word_1_20' title='bbox 1138 615 1244 674; x_wconf 87' lang='lat' dir='ltr'>essent</span> <span class='ocrx_word' id='word_1_21' title='bbox 1270 611 1319 673; x_wconf 91' lang='lat' dir='ltr'>fu-</span> 
     </span>
     <span class='ocr_line' id='line_1_4' title="bbox 220 715 1318 800; baseline 0 -18"><span class='ocrx_word' id='word_1_22' title='bbox 220 721 355 798; x_wconf 82' lang='lat' dir='ltr'>sturae,</span> <span class='ocrx_word' id='word_1_23' title='bbox 395 715 466 779; x_wconf 91' lang='lat' dir='ltr'>dato</span> <span class='ocrx_word' id='word_1_24' title='bbox 501 735 577 779; x_wconf 88' lang='lat' dir='ltr'>vero</span> <span class='ocrx_word' id='word_1_25' title='bbox 614 717 714 800; x_wconf 89' lang='lat' dir='ltr'>spatio</span> <span class='ocrx_word' id='word_1_26' title='bbox 752 736 789 780; x_wconf 89' lang='lat' dir='ltr'>ac</span> <span class='ocrx_word' id='word_1_27' title='bbox 823 722 963 800; x_wconf 88' lang='lat' dir='ltr'>tempore</span> <span class='ocrx_word' id='word_1_28' title='bbox 999 717 1111 781; x_wconf 93' lang='lat' dir='ltr'>eodem</span> <span class='ocrx_word' id='word_1_29' title='bbox 1145 717 1318 799; x_wconf 84' lang='lat' dir='ltr'>instigante</span> 
     </span>
     <span class='ocr_line' id='line_1_5' title="bbox 251 820 1344 906; baseline 0.003 -21"><span class='ocrx_word' id='word_1_30' title='bbox 251 820 418 886; x_wconf 89' lang='lat' dir='ltr'>Dumnaco</span> <span class='ocrx_word' id='word_1_31' title='bbox 446 829 575 906; x_wconf 88' lang='lat' dir='ltr'>possent</span> <span class='ocrx_word' id='word_1_32' title='bbox 602 823 763 886; x_wconf 88' lang='lat' dir='ltr'>concitari.</span> <span class='ocrx_word' id='word_1_33' title='bbox 810 843 873 906; x_wconf 91' lang='lat' dir='ltr'>qua</span> <span class='ocrx_word' id='word_1_34' title='bbox 900 824 933 886; x_wconf 92' lang='lat' dir='ltr'>in</span> <span class='ocrx_word' id='word_1_35' title='bbox 966 843 1000 887; x_wconf 91' lang='lat' dir='ltr'>re</span> <span class='ocrx_word' id='word_1_36' title='bbox 1033 843 1158 887; x_wconf 90' lang='lat' dir='ltr'>summa</span> <span class='ocrx_word' id='word_1_37' title='bbox 1184 822 1344 888; x_wconf 87' lang='lat' dir='ltr'>felicitase</span> 
     </span>
     <span class='ocr_line' id='line_1_6' title="bbox 251 921 1318 1013; baseline -0.002 -21"><span class='ocrx_word' id='word_1_38' title='bbox 251 930 460 1011; x_wconf 88' lang='lat' dir='ltr'>celeritasque</span> <span class='ocrx_word' id='word_1_39' title='bbox 482 931 515 993; x_wconf 92' lang='lat' dir='ltr'>in</span> <span class='ocrx_word' id='word_1_40' title='bbox 535 930 726 1013; x_wconf 90' lang='lat' dir='ltr'>recipiendis</span> <span class='ocrx_word' id='word_1_41' title='bbox 750 929 933 994; x_wconf 87' lang='lat' dir='ltr'>civitatibus</span> <span class='ocrx_word' id='word_1_42' title='bbox 949 929 1084 994; x_wconf 83' lang='lat' dir='ltr'>Fabium</span> <span class='ocrx_word' id='word_1_43' title='bbox 1103 921 1318 1010; x_wconf 73' lang='lat' dir='ltr'>consequitur.</span> 
     </span>
     <span class='ocr_line' id='line_1_7' title="bbox 250 1034 1320 1120; baseline 0.003 -23"><span class='ocrx_word' id='word_1_44' title='bbox 250 1055 326 1098; x_wconf 91' lang='lat' dir='ltr'>nam</span> <span class='ocrx_word' id='word_1_45' title='bbox 350 1034 517 1116; x_wconf 78' lang='lat' dir='ltr'>Carnutes,</span> <span class='ocrx_word' id='word_1_46' title='bbox 542 1037 598 1118; x_wconf 90' lang='lat' dir='ltr'>qui</span> <span class='ocrx_word' id='word_1_47' title='bbox 621 1055 714 1119; x_wconf 88' lang='lat' dir='ltr'>saepe</span> <span class='ocrx_word' id='word_1_48' title='bbox 738 1037 845 1100; x_wconf 79' lang='lat' dir='ltr'>vexati</span> <span class='ocrx_word' id='word_1_49' title='bbox 867 1056 1045 1119; x_wconf 89' lang='lat' dir='ltr'>numquam</span> <span class='ocrx_word' id='word_1_50' title='bbox 1068 1039 1156 1120; x_wconf 87' lang='lat' dir='ltr'>pacis</span> <span class='ocrx_word' id='word_1_51' title='bbox 1178 1037 1320 1100; x_wconf 85' lang='lat' dir='ltr'>fecerant</span> 
     </span>
     <span class='ocr_line' id='line_1_8' title="bbox 251 1143 1346 1225; baseline 0.005 -21"><span class='ocrx_word' id='word_1_52' title='bbox 251 1144 457 1225; x_wconf 81' lang='lat' dir='ltr'>mentionem,</span> <span class='ocrx_word' id='word_1_53' title='bbox 487 1143 568 1206; x_wconf 90' lang='lat' dir='ltr'>datis</span> <span class='ocrx_word' id='word_1_54' title='bbox 592 1143 757 1206; x_wconf 87' lang='lat' dir='ltr'>obsidibus</span> <span class='ocrx_word' id='word_1_55' title='bbox 780 1145 915 1207; x_wconf 81' lang='lat' dir='ltr'>veniunt</span> <span class='ocrx_word' id='word_1_56' title='bbox 940 1145 975 1206; x_wconf 89' lang='lat' dir='ltr'>in</span> <span class='ocrx_word' id='word_1_57' title='bbox 999 1143 1205 1224; x_wconf 90' lang='lat' dir='ltr'>deditionem,</span> <span class='ocrx_word' id='word_1_58' title='bbox 1237 1149 1346 1208; x_wconf 80' lang='lat' dir='ltr'>oete-4</span> 
     </span>
     <span class='ocr_line' id='line_1_9' title="bbox 209 1248 1318 1334; baseline 0 -20"><span class='ocrx_word' id='word_1_59' title='bbox 209 1269 369 1330; x_wconf 76' lang='lat' dir='ltr'>rosaeque</span> <span class='ocrx_word' id='word_1_60' title='bbox 393 1251 536 1314; x_wconf 89' lang='lat' dir='ltr'>civitates</span> <span class='ocrx_word' id='word_1_61' title='bbox 559 1251 680 1334; x_wconf 86' lang='lat' dir='ltr'>positae</span> <span class='ocrx_word' id='word_1_62' title='bbox 702 1251 738 1312; x_wconf 92' lang='lat' dir='ltr'>in</span> <span class='ocrx_word' id='word_1_63' title='bbox 755 1250 878 1314; x_wconf 86' lang='lat' dir='ltr'>ultimis</span> <span class='ocrx_word' id='word_1_64' title='bbox 895 1249 1015 1314; x_wconf 84' lang='lat' dir='ltr'>Galliae</span> <span class='ocrx_word' id='word_1_65' title='bbox 1034 1249 1166 1332; x_wconf 88' lang='lat' dir='ltr'>finibus,</span> <span class='ocrx_word' id='word_1_66' title='bbox 1192 1248 1318 1314; x_wconf 86' lang='lat' dir='ltr'>Oceano</span> 
     </span>
     <span class='ocr_line' id='line_1_10' title="bbox 252 1357 1318 1440; baseline 0.002 -22"><span class='ocrx_word' id='word_1_67' title='bbox 252 1357 453 1438; x_wconf 85' lang='lat' dir='ltr'>coniunctae,</span> <span class='ocrx_word' id='word_1_68' title='bbox 483 1376 563 1439; x_wconf 89' lang='lat' dir='ltr'>quae</span> <span class='ocrx_word' id='word_1_69' title='bbox 586 1358 792 1420; x_wconf 87' lang='lat' dir='ltr'>Aremoricae</span> <span class='ocrx_word' id='word_1_70' title='bbox 815 1357 1026 1440; x_wconf 84' lang='lat' dir='ltr'>appellantur,</span> <span class='ocrx_word' id='word_1_71' title='bbox 1054 1357 1240 1422; x_wconf 87' lang='lat' dir='ltr'>auctoritate</span> <span class='ocrx_word' id='word_1_72' title='bbox 1265 1357 1318 1420; x_wconf 93' lang='lat' dir='ltr'>ad·</span> 
     </span>
     <span class='ocr_line' id='line_1_11' title="bbox 252 1462 1320 1547; baseline 0.002 -21"><span class='ocrx_word' id='word_1_73' title='bbox 252 1463 365 1526; x_wconf 89' lang='lat' dir='ltr'>ductae</span> <span class='ocrx_word' id='word_1_74' title='bbox 398 1462 574 1527; x_wconf 82' lang='lat' dir='ltr'>Carnutum</span> <span class='ocrx_word' id='word_1_75' title='bbox 608 1464 747 1528; x_wconf 87' lang='lat' dir='ltr'>adventu</span> <span class='ocrx_word' id='word_1_76' title='bbox 780 1463 871 1526; x_wconf 79' lang='lat' dir='ltr'>Fabii</span> <span class='ocrx_word' id='word_1_77' title='bbox 903 1464 1132 1546; x_wconf 81' lang='lat' dir='ltr'>legionumque</span> <span class='ocrx_word' id='word_1_78' title='bbox 1165 1465 1320 1547; x_wconf 90' lang='lat' dir='ltr'>imperata</span> 
     </span>
     <span class='ocr_line' id='line_1_12' title="bbox 251 1569 1346 1655; baseline 0.002 -22"><span class='ocrx_word' id='word_1_79' title='bbox 251 1571 321 1634; x_wconf 91' lang='lat' dir='ltr'>sine</span> <span class='ocrx_word' id='word_1_80' title='bbox 349 1591 438 1634; x_wconf 90' lang='lat' dir='ltr'>mora</span> <span class='ocrx_word' id='word_1_81' title='bbox 464 1570 593 1634; x_wconf 85' lang='lat' dir='ltr'>faciunt.</span> <span class='ocrx_word' id='word_1_82' title='bbox 640 1569 826 1634; x_wconf 89' lang='lat' dir='ltr'>Dumnacus</span> <span class='ocrx_word' id='word_1_83' title='bbox 853 1572 919 1634; x_wconf 90' lang='lat' dir='ltr'>suis</span> <span class='ocrx_word' id='word_1_84' title='bbox 946 1569 1065 1634; x_wconf 89' lang='lat' dir='ltr'>finibus</span> <span class='ocrx_word' id='word_1_85' title='bbox 1093 1572 1247 1655; x_wconf 84' lang='lat' dir='ltr'>expulsus</span> <span class='ocrx_word' id='word_1_86' title='bbox 1271 1589 1346 1635; x_wconf 67' lang='lat' dir='ltr'>ens</span> 
     </span>
     <span class='ocr_line' id='line_1_13' title="bbox 251 1677 1319 1761; baseline 0.003 -22"><span class='ocrx_word' id='word_1_87' title='bbox 251 1696 326 1740; x_wconf 90' lang='lat' dir='ltr'>rans</span> <span class='ocrx_word' id='word_1_88' title='bbox 353 1677 545 1759; x_wconf 88' lang='lat' dir='ltr'>latitansque</span> <span class='ocrx_word' id='word_1_89' title='bbox 578 1678 665 1741; x_wconf 87' lang='lat' dir='ltr'>solus</span> <span class='ocrx_word' id='word_1_90' title='bbox 697 1682 856 1742; x_wconf 80' lang='lat' dir='ltr'>extremas</span> <span class='ocrx_word' id='word_1_91' title='bbox 886 1677 1007 1741; x_wconf 81' lang='lat' dir='ltr'>Galliae</span> <span class='ocrx_word' id='word_1_92' title='bbox 1039 1679 1185 1761; x_wconf 86' lang='lat' dir='ltr'>regiones</span> <span class='ocrx_word' id='word_1_93' title='bbox 1213 1683 1319 1761; x_wconf 88' lang='lat' dir='ltr'>petere</span> 
     </span>
     <span class='ocr_line' id='line_1_14' title="bbox 211 1781 1317 1848; baseline 0.001 0"><span class='ocrx_word' id='word_1_94' title='bbox 211 1805 238 1848; x_wconf 80' lang='lat' dir='ltr'>re</span> <span class='ocrx_word' id='word_1_95' title='bbox 252 1789 301 1848; x_wconf 90' lang='lat' dir='ltr'>est</span> <span class='ocrx_word' id='word_1_96' title='bbox 322 1789 459 1848; x_wconf 89' lang='lat' dir='ltr'>coactus.</span> <span class='ocrx_word' id='word_1_97' title='bbox 1316 1781 1317 1784; x_wconf 64' lang='grc'>’</span> 
     </span>
     <span class='ocr_line' id='line_1_15' title="bbox 225 1890 1373 1975; baseline 0.003 -21"><span class='ocrx_word' id='word_1_98' title='bbox 225 1913 237 1954; x_wconf 89' lang='lat'>1</span> <span class='ocrx_word' id='word_1_99' title='bbox 341 1892 386 1955; x_wconf 81' lang='lat' dir='ltr'>nt</span> <span class='ocrx_word' id='word_1_100' title='bbox 412 1890 554 1975; x_wconf 87' lang='lat' dir='ltr'>Drappes</span> <span class='ocrx_word' id='word_1_101' title='bbox 582 1910 711 1974; x_wconf 90' lang='lat' dir='ltr'>unaque</span> <span class='ocrx_word' id='word_1_102' title='bbox 739 1891 920 1971; x_wconf 89' lang='lat' dir='ltr'>Lucterius,</span> <span class='ocrx_word' id='word_1_103' title='bbox 953 1911 1027 1955; x_wconf 91' lang='lat' dir='ltr'>cum</span> <span class='ocrx_word' id='word_1_104' title='bbox 1054 1893 1198 1975; x_wconf 88' lang='lat' dir='ltr'>legiones</span> <span class='ocrx_word' id='word_1_105' title='bbox 1226 1891 1319 1955; x_wconf 82' lang='lat' dir='ltr'>Oani-</span> <span class='ocrx_word' id='word_1_106' title='bbox 1336 1904 1373 1960; x_wconf 76' lang='lat'>32</span> 
     </span>
     <span class='ocr_line' id='line_1_16' title="bbox 253 1997 1319 2082; baseline 0.004 -24"><span class='ocrx_word' id='word_1_107' title='bbox 253 1997 408 2080; x_wconf 90' lang='lat' dir='ltr'>niumque</span> <span class='ocrx_word' id='word_1_108' title='bbox 437 1997 546 2062; x_wconf 89' lang='lat' dir='ltr'>adesse</span> <span class='ocrx_word' id='word_1_109' title='bbox 575 2003 804 2080; x_wconf 85' lang='lat' dir='ltr'>cognoscerent</span> <span class='ocrx_word' id='word_1_110' title='bbox 830 2017 891 2062; x_wconf 89' lang='lat' dir='ltr'>neo</span> <span class='ocrx_word' id='word_1_111' title='bbox 914 2017 948 2062; x_wconf 90' lang='lat' dir='ltr'>se</span> <span class='ocrx_word' id='word_1_112' title='bbox 972 1999 1041 2062; x_wconf 89' lang='lat' dir='ltr'>sine</span> <span class='ocrx_word' id='word_1_113' title='bbox 1065 2005 1152 2062; x_wconf 90' lang='lat' dir='ltr'>certa</span> <span class='ocrx_word' id='word_1_114' title='bbox 1178 1999 1319 2082; x_wconf 88' lang='lat' dir='ltr'>pernicie</span> 
     </span>
     <span class='ocr_line' id='line_1_17' title="bbox 251 2105 1320 2188; baseline 0 -20"><span class='ocrx_word' id='word_1_115' title='bbox 251 2110 464 2186; x_wconf 86' lang='lat' dir='ltr'>persequente</span> <span class='ocrx_word' id='word_1_116' title='bbox 502 2105 646 2168; x_wconf 82' lang='lat' dir='ltr'>exercitu</span> <span class='ocrx_word' id='word_1_117' title='bbox 681 2110 829 2188; x_wconf 89' lang='lat' dir='ltr'>putarent</span> <span class='ocrx_word' id='word_1_118' title='bbox 865 2105 1046 2188; x_wconf 86' lang='lat' dir='ltr'>provinciae</span> <span class='ocrx_word' id='word_1_119' title='bbox 1083 2105 1163 2170; x_wconf 90' lang='lat' dir='ltr'>fines</span> <span class='ocrx_word' id='word_1_120' title='bbox 1200 2106 1320 2169; x_wconf 88' lang='lat' dir='ltr'>intrare</span> 
     </span>
     <span class='ocr_line' id='line_1_18' title="bbox 251 2212 1320 2295; baseline 0.002 -21"><span class='ocrx_word' id='word_1_121' title='bbox 251 2229 344 2295; x_wconf 87' lang='lat' dir='ltr'>posse</span> <span class='ocrx_word' id='word_1_122' title='bbox 367 2230 427 2275; x_wconf 93' lang='lat' dir='ltr'>neo</span> <span class='ocrx_word' id='word_1_123' title='bbox 451 2213 517 2274; x_wconf 89' lang='lat' dir='ltr'>iam</span> <span class='ocrx_word' id='word_1_124' title='bbox 539 2212 639 2275; x_wconf 87' lang='lat' dir='ltr'>libere</span> <span class='ocrx_word' id='word_1_125' title='bbox 662 2212 801 2295; x_wconf 86' lang='lat' dir='ltr'>vagandi</span> <span class='ocrx_word' id='word_1_126' title='bbox 827 2212 1133 2294; x_wconf 84' lang='lat' dir='ltr'>latrociniorumque</span> <span class='ocrx_word' id='word_1_127' title='bbox 1159 2213 1320 2276; x_wconf 91' lang='lat' dir='ltr'>faciendo-</span> 
     </span>
     <span class='ocr_line' id='line_1_19' title="bbox 222 2318 1320 2400; baseline 0.003 -20"><span class='ocrx_word' id='word_1_128' title='bbox 222 2338 324 2381; x_wconf 83' lang='lat' dir='ltr'>srum</span> <span class='ocrx_word' id='word_1_129' title='bbox 352 2319 534 2382; x_wconf 87' lang='lat' dir='ltr'>facultatem</span> <span class='ocrx_word' id='word_1_130' title='bbox 562 2318 726 2400; x_wconf 91' lang='lat' dir='ltr'>haberent,</span> <span class='ocrx_word' id='word_1_131' title='bbox 754 2320 788 2382; x_wconf 93' lang='lat' dir='ltr'>in</span> <span class='ocrx_word' id='word_1_132' title='bbox 811 2318 930 2382; x_wconf 90' lang='lat' dir='ltr'>finibus</span> <span class='ocrx_word' id='word_1_133' title='bbox 958 2320 1138 2383; x_wconf 90' lang='lat' dir='ltr'>consistunt</span> <span class='ocrx_word' id='word_1_134' title='bbox 1161 2319 1320 2384; x_wconf 84' lang='lat' dir='ltr'>Cadurco-</span> 
     </span>
     <span class='ocr_line' id='line_1_20' title="bbox 251 2424 1347 2509; baseline 0 -22"><span class='ocrx_word' id='word_1_135' title='bbox 251 2445 332 2488; x_wconf 88' lang='lat' dir='ltr'>rum.</span> <span class='ocrx_word' id='word_1_136' title='bbox 375 2425 422 2488; x_wconf 90' lang='lat' dir='ltr'>ibi</span> <span class='ocrx_word' id='word_1_137' title='bbox 448 2445 522 2489; x_wconf 90' lang='lat' dir='ltr'>cum</span> <span class='ocrx_word' id='word_1_138' title='bbox 546 2424 712 2490; x_wconf 88' lang='lat' dir='ltr'>Lucterius</span> <span class='ocrx_word' id='word_1_139' title='bbox 737 2425 821 2508; x_wconf 93' lang='lat' dir='ltr'>apud</span> <span class='ocrx_word' id='word_1_140' title='bbox 846 2445 921 2488; x_wconf 89' lang='lat' dir='ltr'>suos</span> <span class='ocrx_word' id='word_1_141' title='bbox 943 2427 1029 2490; x_wconf 87' lang='lat' dir='ltr'>cives</span> <span class='ocrx_word' id='word_1_142' title='bbox 1050 2425 1212 2509; x_wconf 83' lang='lat' dir='ltr'>quondam</span> <span class='ocrx_word' id='word_1_143' title='bbox 1238 2427 1347 2490; x_wconf 86' lang='lat' dir='ltr'>inte-2</span> 
     </span>
     <span class='ocr_line' id='line_1_21' title="bbox 251 2532 1321 2617; baseline 0.003 -24"><span class='ocrx_word' id='word_1_144' title='bbox 251 2533 317 2614; x_wconf 89' lang='lat' dir='ltr'>gris</span> <span class='ocrx_word' id='word_1_145' title='bbox 344 2532 440 2596; x_wconf 87' lang='lat' dir='ltr'>rebus</span> <span class='ocrx_word' id='word_1_146' title='bbox 467 2533 605 2597; x_wconf 89' lang='lat' dir='ltr'>multum</span> <span class='ocrx_word' id='word_1_147' title='bbox 631 2535 786 2617; x_wconf 89' lang='lat' dir='ltr'>potuisset</span> <span class='ocrx_word' id='word_1_148' title='bbox 813 2551 1001 2616; x_wconf 91' lang='lat' dir='ltr'>semperque</span> <span class='ocrx_word' id='word_1_149' title='bbox 1029 2539 1139 2596; x_wconf 91' lang='lat' dir='ltr'>auctor</span> <span class='ocrx_word' id='word_1_150' title='bbox 1161 2552 1321 2596; x_wconf 85' lang='lat' dir='ltr'>novorum</span> 
     </span>
     <span class='ocr_line' id='line_1_22' title="bbox 252 2638 1319 2723; baseline 0.002 -21"><span class='ocrx_word' id='word_1_151' title='bbox 252 2639 456 2702; x_wconf 91' lang='lat' dir='ltr'>consiliorum</span> <span class='ocrx_word' id='word_1_152' title='bbox 480 2660 628 2723; x_wconf 88' lang='lat' dir='ltr'>magnam</span> <span class='ocrx_word' id='word_1_153' title='bbox 652 2640 735 2723; x_wconf 88' lang='lat' dir='ltr'>apud</span> <span class='ocrx_word' id='word_1_154' title='bbox 759 2638 910 2703; x_wconf 88' lang='lat' dir='ltr'>barbaros</span> <span class='ocrx_word' id='word_1_155' title='bbox 935 2641 1157 2704; x_wconf 88' lang='lat' dir='ltr'>auctoritatem</span> <span class='ocrx_word' id='word_1_156' title='bbox 1180 2640 1319 2721; x_wconf 89' lang='lat' dir='ltr'>haberet,</span> 
     </span>
     <span class='ocr_line' id='line_1_23' title="bbox 252 2745 1320 2830; baseline 0.001 -21"><span class='ocrx_word' id='word_1_157' title='bbox 252 2746 404 2830; x_wconf 90' lang='lat' dir='ltr'>oppidum</span> <span class='ocrx_word' id='word_1_158' title='bbox 421 2745 675 2828; x_wconf 83' lang='lat' dir='ltr'>Uxellodunum,</span> <span class='ocrx_word' id='word_1_159' title='bbox 694 2747 780 2828; x_wconf 92' lang='lat' dir='ltr'>quod</span> <span class='ocrx_word' id='word_1_160' title='bbox 796 2747 829 2809; x_wconf 91' lang='lat' dir='ltr'>in</span> <span class='ocrx_word' id='word_1_161' title='bbox 847 2746 995 2810; x_wconf 91' lang='lat' dir='ltr'>clientela</span> <span class='ocrx_word' id='word_1_162' title='bbox 1010 2746 1112 2811; x_wconf 90' lang='lat' dir='ltr'>fuerat</span> <span class='ocrx_word' id='word_1_163' title='bbox 1128 2748 1209 2829; x_wconf 88' lang='lat' dir='ltr'>eius,</span> <span class='ocrx_word' id='word_1_164' title='bbox 1231 2766 1320 2829; x_wconf 87' lang='lat' dir='ltr'>egre-</span> 
     </span>
     <span class='ocr_line' id='line_1_24' title="bbox 211 2851 1320 2937; baseline 0.004 -23"><span class='ocrx_word' id='word_1_165' title='bbox 211 2873 239 2914; x_wconf 81' lang='grc' dir='ltr'>ιο</span> <span class='ocrx_word' id='word_1_166' title='bbox 252 2853 302 2936; x_wconf 90' lang='lat' dir='ltr'>gie</span> <span class='ocrx_word' id='word_1_167' title='bbox 324 2858 440 2918; x_wconf 88' lang='lat' dir='ltr'>natura</span> <span class='ocrx_word' id='word_1_168' title='bbox 461 2853 720 2935; x_wconf 37' lang='lat' dir='ltr'>locismunitum,</span> <span class='ocrx_word' id='word_1_169' title='bbox 744 2861 878 2935; x_wconf 85' lang='lat' dir='ltr'>occupat</span> <span class='ocrx_word' id='word_1_170' title='bbox 896 2853 963 2916; x_wconf 88' lang='lat' dir='ltr'>suis</span> <span class='ocrx_word' id='word_1_171' title='bbox 982 2860 1013 2916; x_wconf 93' lang='lat' dir='ltr'>et</span> <span class='ocrx_word' id='word_1_172' title='bbox 1032 2851 1200 2936; x_wconf 88' lang='lat' dir='ltr'>Drappetis</span> <span class='ocrx_word' id='word_1_173' title='bbox 1221 2855 1320 2937; x_wconf 89' lang='lat' dir='ltr'>copiis</span> 
     </span>
     <span class='ocr_line' id='line_1_25' title="bbox 225 2957 1375 3043; baseline 0.005 -23"><span class='ocrx_word' id='word_1_174' title='bbox 225 2961 490 3043; x_wconf 84' lang='lat' dir='ltr'>roppidanosque</span> <span class='ocrx_word' id='word_1_175' title='bbox 518 2961 580 3023; x_wconf 88' lang='lat' dir='ltr'>sibi</span> <span class='ocrx_word' id='word_1_176' title='bbox 604 2961 777 3042; x_wconf 89' lang='lat' dir='ltr'>coniungit.</span> <span class='ocrx_word' id='word_1_177' title='bbox 824 2957 894 3034; x_wconf 79' lang='lat' dir='ltr'>Quo</span> <span class='ocrx_word' id='word_1_178' title='bbox 919 2980 991 3023; x_wconf 92' lang='lat' dir='ltr'>cum</span> <span class='ocrx_word' id='word_1_179' title='bbox 1018 2961 1185 3024; x_wconf 89' lang='lat' dir='ltr'>confestim</span> <span class='ocrx_word' id='word_1_180' title='bbox 1210 2958 1241 3023; x_wconf 85' lang='lat' dir='ltr'>O.</span> <span class='ocrx_word' id='word_1_181' title='bbox 1262 2960 1320 3024; x_wconf 85' lang='lat' dir='ltr'>Oa·</span> <span class='ocrx_word' id='word_1_182' title='bbox 1337 2970 1375 3026; x_wconf 79' lang='lat'>33</span> 
     </span>
     <span class='ocr_line' id='line_1_26' title="bbox 251 3067 1320 3151; baseline 0.001 -21"><span class='ocrx_word' id='word_1_183' title='bbox 251 3067 360 3130; x_wconf 91' lang='lat' dir='ltr'>ninius</span> <span class='ocrx_word' id='word_1_184' title='bbox 393 3067 533 3132; x_wconf 88' lang='lat' dir='ltr'>venisset</span> <span class='ocrx_word' id='word_1_185' title='bbox 567 3068 898 3150; x_wconf 89' lang='lat' dir='ltr'>animadverteretque</span> <span class='ocrx_word' id='word_1_186' title='bbox 931 3086 1042 3131; x_wconf 91' lang='lat' dir='ltr'>omnes</span> <span class='ocrx_word' id='word_1_187' title='bbox 1075 3068 1183 3151; x_wconf 91' lang='lat' dir='ltr'>oppidi</span> <span class='ocrx_word' id='word_1_188' title='bbox 1214 3072 1320 3151; x_wconf 89' lang='lat' dir='ltr'>partes</span> 
     </span>
     <span class='ocr_line' id='line_1_27' title="bbox 251 3174 1319 3257; baseline 0 -21"><span class='ocrx_word' id='word_1_189' title='bbox 251 3175 517 3257; x_wconf 88' lang='lat' dir='ltr'>praeruptissimis</span> <span class='ocrx_word' id='word_1_190' title='bbox 541 3175 627 3238; x_wconf 84' lang='lat' dir='ltr'>saxis</span> <span class='ocrx_word' id='word_1_191' title='bbox 651 3193 720 3238; x_wconf 89' lang='lat' dir='ltr'>esse</span> <span class='ocrx_word' id='word_1_192' title='bbox 743 3175 896 3254; x_wconf 88' lang='lat' dir='ltr'>munitas,</span> <span class='ocrx_word' id='word_1_193' title='bbox 925 3193 988 3255; x_wconf 94' lang='lat' dir='ltr'>quo</span> <span class='ocrx_word' id='word_1_194' title='bbox 1018 3174 1206 3238; x_wconf 90' lang='lat' dir='ltr'>defendente</span> <span class='ocrx_word' id='word_1_195' title='bbox 1229 3174 1319 3238; x_wconf 91' lang='lat' dir='ltr'>nullo</span> 
     </span>
     <span class='ocr_line' id='line_1_28' title="bbox 252 3280 1320 3370; baseline 0.001 -27"><span class='ocrx_word' id='word_1_196' title='bbox 252 3285 359 3344; x_wconf 90' lang='lat' dir='ltr'>tamen</span> <span class='ocrx_word' id='word_1_197' title='bbox 383 3281 513 3344; x_wconf 89' lang='lat' dir='ltr'>armatis</span> <span class='ocrx_word' id='word_1_198' title='bbox 532 3281 703 3345; x_wconf 88' lang='lat' dir='ltr'>ascendere</span> <span class='ocrx_word' id='word_1_199' title='bbox 724 3286 807 3370; x_wconf 88' lang='lat' dir='ltr'>esset</span> <span class='ocrx_word' id='word_1_200' title='bbox 826 3280 967 3364; x_wconf 90' lang='lat' dir='ltr'>difficile,</span> <span class='ocrx_word' id='word_1_201' title='bbox 991 3301 1106 3365; x_wconf 86' lang='lat' dir='ltr'>magna</span> <span class='ocrx_word' id='word_1_202' title='bbox 1130 3287 1236 3346; x_wconf 90' lang='lat' dir='ltr'>autem</span> <span class='ocrx_word' id='word_1_203' title='bbox 1259 3282 1320 3344; x_wconf 89' lang='lat' dir='ltr'>im·</span> 
     </span>
    </p>
   </div>
   <div class='ocr_carea' id='block_1_3' title="bbox 250 3510 1321 3670">
    <p class='ocr_par' dir='ltr' id='par_1_3' title="bbox 250 3510 1321 3670">
     <span class='ocr_line' id='line_1_29' title="bbox 342 3510 1321 3580; baseline 0.001 -17"><span class='ocrx_word' id='word_1_204' title='bbox 342 3510 510 3578; x_wconf 71' lang='lat' dir='ltr'>baccitasfl</span> <span class='ocrx_word' id='word_1_205' title='bbox 542 3511 550 3579; x_wconf 98' lang='grc' dir='ltr'>Η</span> <span class='ocrx_word' id='word_1_206' title='bbox 582 3511 733 3564; x_wconf 79' lang='lat' dir='ltr'>binstante</span> <span class='ocrx_word' id='word_1_207' title='bbox 754 3511 791 3576; x_wconf 66' lang='lat' dir='ltr'>Sp</span> <span class='ocrx_word' id='word_1_208' title='bbox 822 3512 833 3576; x_wconf 90' lang='grc' dir='ltr'>ΗΗ</span> <span class='ocrx_word' id='word_1_209' title='bbox 863 3511 1026 3566; x_wconf 84' lang='lat' dir='ltr'>tidomnaco</span> <span class='ocrx_word' id='word_1_210' title='bbox 1047 3511 1084 3577; x_wconf 61' lang='lat' dir='ltr'>Sp</span> <span class='ocrx_word' id='word_1_211' title='bbox 1115 3511 1123 3580; x_wconf 94' lang='grc' dir='ltr'>ΗΗ</span> <span class='ocrx_word' id='word_1_212' title='bbox 1157 3510 1191 3564; x_wconf 89' lang='grc'>10</span> <span class='ocrx_word' id='word_1_213' title='bbox 1209 3526 1321 3564; x_wconf 87' lang='lat' dir='ltr'>oceano·</span> 
     </span>
     <span class='ocr_line' id='line_1_30' title="bbox 250 3598 1321 3670; baseline -0.001 -17"><span class='ocrx_word' id='word_1_214' title='bbox 250 3616 304 3668; x_wconf 87' lang='lat' dir='ltr'>que</span> <span class='ocrx_word' id='word_1_215' title='bbox 324 3600 362 3666; x_wconf 73' lang='lat' dir='ltr'>Sa</span> <span class='ocrx_word' id='word_1_216' title='bbox 393 3598 401 3668; x_wconf 94' lang='grc' dir='ltr'>ΗΗ</span> <span class='ocrx_word' id='word_1_217' title='bbox 435 3602 466 3652; x_wconf 87' lang='grc'>11</span> <span class='ocrx_word' id='word_1_218' title='bbox 481 3599 623 3653; x_wconf 84' lang='lat' dir='ltr'>armoricae</span> <span class='ocrx_word' id='word_1_219' title='bbox 636 3599 666 3652; x_wconf 87' lang='lat' dir='ltr'><em>X</em></span> <span class='ocrx_word' id='word_1_220' title='bbox 695 3600 704 3668; x_wconf 94' lang='grc' dir='ltr'>ΗΗ</span> <span class='ocrx_word' id='word_1_221' title='bbox 737 3599 770 3652; x_wconf 86' lang='grc'>12</span> <span class='ocrx_word' id='word_1_222' title='bbox 784 3600 911 3654; x_wconf 88' lang='lat' dir='ltr'>aduentui</span> <span class='ocrx_word' id='word_1_223' title='bbox 919 3599 978 3668; x_wconf 82' lang='grc' dir='ltr'>χΒ·</span> <span class='ocrx_word' id='word_1_224' title='bbox 1009 3601 1018 3670; x_wconf 89' lang='grc' dir='ltr'>ΗΗ</span> <span class='ocrx_word' id='word_1_225' title='bbox 1051 3600 1084 3653; x_wconf 91' lang='grc'>13</span> <span class='ocrx_word' id='word_1_226' title='bbox 1097 3599 1249 3654; x_wconf 86' lang='lat' dir='ltr'>Domnacus</span> <span class='ocrx_word' id='word_1_227' title='bbox 1265 3599 1321 3670; x_wconf 75' lang='lat' dir='ltr'>Spa</span> 
     </span>
    </p>
   </div>
   <div class='ocr_carea' id='block_1_4' title="bbox 250 3704 1321 4223">
    <p class='ocr_par' dir='ltr' id='par_1_4' title="bbox 250 3704 1321 4223">
     <span class='ocr_line' id='line_1_31' title="bbox 341 3704 1321 3778; baseline -0.002 -16"><span class='ocrx_word' id='word_1_228' title='bbox 341 3707 387 3763; x_wconf 77' lang='lat'>32.</span> <span class='ocrx_word' id='word_1_229' title='bbox 409 3710 422 3759; x_wconf 91' lang='lat'>1</span> <span class='ocrx_word' id='word_1_230' title='bbox 444 3707 549 3776; x_wconf 89' lang='lat' dir='ltr'>draptes</span> <span class='ocrx_word' id='word_1_231' title='bbox 568 3707 630 3774; x_wconf 66' lang='lat' dir='ltr'>(8)ss</span> <span class='ocrx_word' id='word_1_232' title='bbox 669 3706 678 3774; x_wconf 91' lang='grc' dir='ltr'>ΗΗ</span> <span class='ocrx_word' id='word_1_233' title='bbox 720 3706 874 3774; x_wconf 85' lang='lat' dir='ltr'>2pernicie</span> <span class='ocrx_word' id='word_1_234' title='bbox 898 3709 970 3760; x_wconf 84' lang='lat' dir='ltr'>certa</span> <span class='ocrx_word' id='word_1_235' title='bbox 989 3725 1011 3758; x_wconf 85' lang='grc' dir='ltr'><em>π</em></span> <span class='ocrx_word' id='word_1_236' title='bbox 1052 3707 1060 3776; x_wconf 91' lang='grc' dir='ltr'>ΗΗ</span> <span class='ocrx_word' id='word_1_237' title='bbox 1101 3704 1285 3773; x_wconf 68' lang='lat' dir='ltr'>filiberamfl</span> <span class='ocrx_word' id='word_1_238' title='bbox 1313 3704 1321 3778; x_wconf 92' lang='grc' dir='ltr'>ΗΗ</span> 
     </span>
     <span class='ocr_line' id='line_1_32' title="bbox 252 3795 1321 3864; baseline 0.001 -16"><span class='ocrx_word' id='word_1_239' title='bbox 252 3797 331 3851; x_wconf 87' lang='grc'>4-6</span> <span class='ocrx_word' id='word_1_240' title='bbox 350 3796 464 3864; x_wconf 87' lang='lat' dir='ltr'>uagandi</span> <span class='ocrx_word' id='word_1_241' title='bbox 482 3795 706 3864; x_wconf 85' lang='lat' dir='ltr'>latrocinandique</span> <span class='ocrx_word' id='word_1_242' title='bbox 719 3795 872 3848; x_wconf 86' lang='lat' dir='ltr'>facultatem</span> <span class='ocrx_word' id='word_1_243' title='bbox 887 3795 1026 3864; x_wconf 89' lang='lat' dir='ltr'>haberent,</span> <span class='ocrx_word' id='word_1_244' title='bbox 1046 3795 1193 3849; x_wconf 88' lang='lat' dir='ltr'>consistunt</span> <span class='ocrx_word' id='word_1_245' title='bbox 1211 3795 1238 3848; x_wconf 91' lang='lat' dir='ltr'>in</span> <span class='ocrx_word' id='word_1_246' title='bbox 1251 3796 1321 3864; x_wconf 86' lang='lat' dir='ltr'>agris</span> 
     </span>
     <span class='ocr_line' id='line_1_33' title="bbox 250 3883 1320 3954; baseline 0 -16"><span class='ocrx_word' id='word_1_247' title='bbox 250 3886 426 3939; x_wconf 87' lang='lat' dir='ltr'>cadurcorum</span> <span class='ocrx_word' id='word_1_248' title='bbox 441 3885 478 3952; x_wconf 68' lang='lat' dir='ltr'>Sp</span> <span class='ocrx_word' id='word_1_249' title='bbox 507 3889 516 3954; x_wconf 89' lang='grc' dir='ltr'>ΗΗ</span> <span class='ocrx_word' id='word_1_250' title='bbox 549 3887 706 3938; x_wconf 73' lang='lat' dir='ltr'>lnouorum</span> <span class='ocrx_word' id='word_1_251' title='bbox 721 3904 750 3951; x_wconf 72' lang='lat' dir='ltr'>a,</span> <span class='ocrx_word' id='word_1_252' title='bbox 770 3901 900 3938; x_wconf 91' lang='lat' dir='ltr'>nouorum</span> <span class='ocrx_word' id='word_1_253' title='bbox 913 3887 985 3939; x_wconf 86' lang='lat' dir='ltr'>esset</span> <span class='ocrx_word' id='word_1_254' title='bbox 994 3885 1055 3952; x_wconf 56' lang='lat' dir='ltr'>(SD</span> <span class='ocrx_word' id='word_1_255' title='bbox 1087 3886 1095 3948; x_wconf 94' lang='grc' dir='ltr'>Η</span> <span class='ocrx_word' id='word_1_256' title='bbox 1126 3883 1320 3954; x_wconf 86' lang='lat' dir='ltr'>8etmagnam</span> 
     </span>
     <span class='ocr_line' id='line_1_34' title="bbox 252 3972 1320 4052; baseline 0 -24"><span class='ocrx_word' id='word_1_257' title='bbox 252 3974 277 4028; x_wconf 77' lang='lat' dir='ltr'><em>S</em></span> <span class='ocrx_word' id='word_1_258' title='bbox 306 3976 315 4044; x_wconf 91' lang='grc' dir='ltr'>ΗΗ</span> <span class='ocrx_word' id='word_1_259' title='bbox 346 3975 652 4052; x_wconf 77' lang='lat' dir='ltr'>baberetauctoritatem</span> <span class='ocrx_word' id='word_1_260' title='bbox 666 3973 703 4040; x_wconf 64' lang='lat' dir='ltr'>Sd</span> <span class='ocrx_word' id='word_1_261' title='bbox 734 3975 743 4042; x_wconf 92' lang='grc' dir='ltr'>ΗΗ</span> <span class='ocrx_word' id='word_1_262' title='bbox 775 3972 996 4028; x_wconf 84' lang='lat' dir='ltr'>9uxellodunum</span> <span class='ocrx_word' id='word_1_263' title='bbox 1010 3972 1204 4042; x_wconf 74' lang='lat' dir='ltr'>M⁹(sB²e²t²);</span> <span class='ocrx_word' id='word_1_264' title='bbox 1222 3974 1320 4028; x_wconf 83' lang='lat' dir='ltr'>auxilio</span> 
     </span>
     <span class='ocr_line' id='line_1_35' title="bbox 252 4062 1319 4136; baseline 0 -20"><span class='ocrx_word' id='word_1_265' title='bbox 252 4064 354 4117; x_wconf 91' lang='lat' dir='ltr'>dunum</span> <span class='ocrx_word' id='word_1_266' title='bbox 372 4063 402 4116; x_wconf 90' lang='lat' dir='ltr'><em>X</em></span> <span class='ocrx_word' id='word_1_267' title='bbox 425 4065 434 4132; x_wconf 91' lang='grc' dir='ltr'>ΗΗ</span> <span class='ocrx_word' id='word_1_268' title='bbox 460 4064 484 4118; x_wconf 89' lang='grc'>9.</span> <span class='ocrx_word' id='word_1_269' title='bbox 506 4064 539 4118; x_wconf 90' lang='grc'>10</span> <span class='ocrx_word' id='word_1_270' title='bbox 557 4066 653 4117; x_wconf 84' lang='lat' dir='ltr'>natura</span> <span class='ocrx_word' id='word_1_271' title='bbox 669 4062 720 4116; x_wconf 87' lang='lat' dir='ltr'>loci</span> <span class='ocrx_word' id='word_1_272' title='bbox 739 4063 842 4132; x_wconf 87' lang='lat' dir='ltr'>egregie</span> <span class='ocrx_word' id='word_1_273' title='bbox 863 4063 899 4130; x_wconf 68' lang='lat' dir='ltr'>Sp]</span> <span class='ocrx_word' id='word_1_274' title='bbox 925 4063 933 4130; x_wconf 90' lang='grc' dir='ltr'>ΗΗ</span> <span class='ocrx_word' id='word_1_275' title='bbox 960 4064 994 4118; x_wconf 87' lang='grc'>10</span> <span class='ocrx_word' id='word_1_276' title='bbox 1013 4064 1068 4117; x_wconf 88' lang='lat' dir='ltr'>suis</span> <span class='ocrx_word' id='word_1_277' title='bbox 1087 4080 1139 4117; x_wconf 85' lang='lat' dir='ltr'>om.</span> <span class='ocrx_word' id='word_1_278' title='bbox 1161 4064 1198 4131; x_wconf 64' lang='grc' dir='ltr'>ἃμ</span> <span class='ocrx_word' id='word_1_279' title='bbox 1224 4066 1232 4136; x_wconf 90' lang='grc' dir='ltr'>ΗΗ</span> <span class='ocrx_word' id='word_1_280' title='bbox 1259 4065 1319 4117; x_wconf 85' lang='lat' dir='ltr'>dra-</span> 
     </span>
     <span class='ocr_line' id='line_1_36' title="bbox 252 4153 566 4223; baseline 0.006 -17"><span class='ocrx_word' id='word_1_281' title='bbox 252 4153 321 4221; x_wconf 87' lang='lat' dir='ltr'>petis</span> <span class='ocrx_word' id='word_1_282' title='bbox 334 4171 367 4223; x_wconf 84' lang='grc' dir='ltr'>χ;</span> <span class='ocrx_word' id='word_1_283' title='bbox 387 4153 486 4221; x_wconf 89' lang='lat' dir='ltr'>draptis</span> <span class='ocrx_word' id='word_1_284' title='bbox 506 4153 566 4222; x_wconf 65' lang='lat' dir='ltr'>(Sffi</span> 
     </span>
    </p>
   </div>
   <div class='ocr_carea' id='block_1_5' title="bbox 342 4259 1214 4332">
    <p class='ocr_par' dir='ltr' id='par_1_5' title="bbox 342 4259 1214 4332">
     <span class='ocr_line' id='line_1_37' title="bbox 342 4259 1214 4332; baseline -0.003 -17"><span class='ocrx_word' id='word_1_285' title='bbox 342 4260 387 4315; x_wconf 83' lang='lat'>33.</span> <span class='ocrx_word' id='word_1_286' title='bbox 409 4259 425 4312; x_wconf 81' lang='lat'><strong>2</strong></span> <span class='ocrx_word' id='word_1_287' title='bbox 444 4260 561 4314; x_wconf 85' lang='lat' dir='ltr'>animum</span> <span class='ocrx_word' id='word_1_288' title='bbox 581 4260 782 4328; x_wconf 84' lang='lat' dir='ltr'>aduerteretque</span> <span class='ocrx_word' id='word_1_289' title='bbox 803 4259 859 4332; x_wconf 76' lang='lat' dir='ltr'>Spa</span> <span class='ocrx_word' id='word_1_290' title='bbox 890 4261 899 4328; x_wconf 90' lang='grc' dir='ltr'>ΗΗ</span> <span class='ocrx_word' id='word_1_291' title='bbox 931 4261 947 4314; x_wconf 87' lang='grc'>3</span> <span class='ocrx_word' id='word_1_292' title='bbox 967 4276 1018 4328; x_wconf 93' lang='lat' dir='ltr'>quo</span> <span class='ocrx_word' id='word_1_293' title='bbox 1039 4259 1087 4328; x_wconf 60' lang='lat' dir='ltr'>Spq</span> <span class='ocrx_word' id='word_1_294' title='bbox 1107 4261 1214 4329; x_wconf 84' lang='lat' dir='ltr'>quoda</span> 
     </span>
    </p>
   </div>
   <div class='ocr_carea' id='block_1_6' title="bbox 0 0 1617 4812">
    <p class='ocr_par' dir='ltr' id='par_1_6' title="bbox 0 0 1617 4812">
     <span class='ocr_line' id='line_1_38' title="bbox 0 0 1617 4812; baseline 0 0"><span class='ocrx_word' id='word_1_295' title='bbox 0 0 1617 4812; x_wconf 95' lang='lat' dir='ltr'> </span> 
     </span>
    </p>
   </div>
  </div>
 </body>
</html>
