3218 4812
595 353 703 407 LIBER
722 353 755 407 V.
774 353 850 408 CAP.
871 353 993 408 49-53.
1268 338 1330 400 129

264 515 406 598 relinqui
433 515 586 600 videbat],
620 516 769 580 omnibus
801 516 868 579 suis
895 514 1111 579 incolumibus
1139 514 1251 579 eodem
1278 514 1329 579 die

265 621 304 684 ad
328 621 514 686 Ciceronem
536 623 688 706 pervenit.
736 623 897 686 institutas
920 628 1036 703 turrea,
1060 623 1235 686 testudines
1260 641 1358 686 mu=e

236 729 465 811 enitionesque
485 730 626 792 hostium
645 729 832 810 admiratum
851 729 1006 814 producta
1021 725 1149 811 legione
1168 729 1331 812 cognoscit

265 855 330 898 non
353 836 514 899 decimum
537 855 696 919 quemque
724 855 792 899 esse
818 837 979 918 reliquum
1001 836 1138 899 militem
1164 836 1235 900 sine
1262 836 1330 898 vul-

264 961 355 1023 nere;
380 961 422 1006 ex
445 943 494 1005 his
519 943 667 1006 omnibus
685 943 806 1006 iudicat
824 943 932 1024 rebus,
957 948 1075 1025 quanto
1095 962 1170 1006 cum
1188 941 1357 1026 periculoe

265 1055 296 1112 et
320 1056 438 1132 quanta
461 1051 578 1113 virtute
601 1069 653 1114 res
679 1051 742 1112 sint
770 1050 1013 1113 administratae.
1061 1049 1248 1113 Ciceronem
1273 1068 1357 1132 pror

265 1157 334 1219 eius
357 1156 470 1219 merito
493 1156 718 1239 legionemque
742 1156 924 1237 conlaudat;
954 1157 1158 1220 centuriones
1186 1157 1329 1240 singilla-

224 1284 251 1326 ιο
264 1263 322 1325 tim
341 1263 549 1344 tribunosque
568 1264 707 1326 militurn
727 1263 873 1346 appellat,
898 1282 1037 1345 quorum
1055 1265 1215 1347 egregiam
1234 1263 1330 1326 fuisse

265 1370 416 1433 virtutem
439 1371 618 1433 testimonio
642 1368 803 1434 Ciceronis
827 1375 1024 1452 cognoverat.
1063 1370 1101 1434 de
1121 1389 1196 1433 casu
1221 1368 1331 1433 Sabini

265 1483 296 1540 et
319 1475 426 1539 Cottae
450 1477 568 1539 certius
591 1495 632 1540 ex
655 1478 790 1560 captivis
814 1479 983 1560 cognoscit.
1029 1482 1155 1560 postero
1179 1477 1231 1541 die
1255 1495 1357 1540 con-5

265 1584 350 1645 tione
378 1583 581 1647 habitarem
607 1589 728 1667 gestam
756 1585 915 1667 proponit,
943 1583 1062 1646 milites
1090 1582 1272 1648 consolatur
1300 1588 1331 1647 et

265 1688 443 1769 confirmat3
480 1691 565 1773 quod
593 1690 819 1754 detrimentum
848 1691 941 1774 culpa
969 1695 1001 1754 et
1027 1692 1202 1754 temeritate
1235 1690 1358 1773 legatia

226 1796 309 1859 rasit
332 1802 508 1880 acceptum,
531 1797 592 1860 hoc
616 1798 765 1879 aequiore
789 1798 896 1860 animo
920 1796 1092 1861 ferundum
1115 1797 1220 1877 dccet,
1245 1797 1331 1880 quod

266 1901 419 1967 beneficio
443 1903 577 1967 deorum
603 1905 831 1966 immortalium
860 1909 892 1968 et
918 1905 1036 1966 virtute
1064 1922 1176 1967 corum
1203 1904 1330 1987 expiato

265 2010 466 2073 incommodo
499 2029 605 2093 neque
638 2011 781 2074 hostibus
814 2012 938 2074 diutina
969 2011 1091 2074 laetitia
1121 2029 1226 2093 neque
1254 2011 1331 2093 ipsis

265 2115 391 2199 longior
414 2117 504 2180 dolor
525 2118 734 2199 relinquatur.
799 2121 805 2132 '

239 2241 251 2284 1
354 2223 488 2287 Interim
516 2223 555 2286 ad
578 2223 756 2288 Labienum
782 2244 840 2307 per
867 2224 983 2288 Remos
1010 2223 1191 2287 incredibili
1219 2224 1330 2288 celeri·
1348 2240 1385 2295 53

266 2333 329 2392 tate
353 2330 392 2392 de
416 2332 548 2393 victoria
572 2330 714 2395 Caesaris
736 2331 820 2394 fama
846 2332 1014 2415 perfertur,
1043 2335 1091 2413 ut,
1120 2350 1194 2394 cum
1222 2331 1260 2394 ab
1284 2331 1331 2393 hi·

265 2435 373 2500 bernis
392 2435 554 2501 Ciceronis
572 2439 662 2501 milia
680 2458 833 2521 passuum
852 2439 976 2502 abesset
1001 2439 1127 2501 circiter
1146 2437 1207 2502 LX
1230 2456 1331 2520 eoque

265 2548 335 2625 post
357 2543 468 2606 horam
490 2563 609 2607 nonam
633 2546 696 2608 diei
721 2543 835 2608 Caesar
856 2545 1066 2628 pervenisset,
1095 2549 1168 2608 ante
1192 2544 1331 2608 mediam

236 2654 391 2713 cnoctem
410 2650 450 2712 ad
470 2657 576 2733 portas
595 2657 770 2715 castrorum
789 2653 909 2715 clamor
928 2657 1082 2733 oreretur,
1107 2671 1170 2732 quo
1194 2651 1330 2714 clamore

266 2756 453 2840 significatio
473 2759 623 2822 victoriae
637 2760 873 2840 gratulatioque
892 2759 930 2822 ab
946 2758 1055 2822 Remis
1074 2757 1214 2821 Labieno
1234 2756 1330 2819 fieret.

266 2863 323 2926 hac
345 2864 431 2927 fama
454 2866 494 2928 ad
516 2866 668 2928 Treveros
691 2865 811 2949 perlata
839 2864 1092 2946 Indutiomarus,
1121 2865 1177 2946 qui
1205 2870 1358 2947 posteros

265 2968 316 3033 die
345 2976 446 3034 castra
473 2970 606 3035 Labieni
634 2991 815 3055 oppugnare
844 2972 1039 3054 decreverat,
1067 2976 1164 3034 noctu
1192 2971 1333 3053 profugit

266 3078 435 3160 copiasque
469 3098 579 3142 omnes
610 3081 645 3142 in
676 3078 829 3142 Treveros
861 3079 993 3142 reducit.
1049 3076 1163 3141 Caesar
1193 3078 1357 3142 Fabiume

225 3201 340 3246 iocum
363 3204 420 3247 sua
443 3185 568 3268 legione
590 3186 725 3249 remittit
747 3187 781 3248 in
805 3184 950 3266 hiberna,
974 3187 1042 3269 ipse
1066 3205 1137 3249 cum
1163 3185 1213 3249 ΠΙ
1231 3185 1331 3268 legio„

266 3289 360 3353 nibus
384 3293 503 3355 circum
528 3291 781 3356 Samarobrivam
809 3294 902 3356 trinis
926 3292 1067 3356 hibernis
1091 3292 1231 3355 hiemare
1256 3311 1331 3354 con·

354 3539 370 3591 3
389 3538 494 3592 uidebat
512 3539 552 3606 X3
574 3539 678 3593 uolebat
701 3539 809 3604 Lama,
832 3539 894 3592 Jcr.
936 3541 945 3609 ΗΗ
986 3540 1010 3592 2.
1030 3541 1046 3592 3
1066 3555 1151 3606 neque
1170 3538 1249 3592 etiam

265 3625 377 3695 relinqui
396 3628 502 3680 uidebat
520 3629 570 3681 dcl.
590 3628 678 3681 Beati.
720 3628 727 3694 ΗΗ
769 3628 995 3698 3iocolumibus]
1018 3627 1099 3696 copiis
1123 3627 1185 3680 add.
1206 3647 1224 3679 a
1265 3629 1273 3696 ΗΗ
1314 3629 1330 3681 5

264 3715 378 3783 Legione
398 3717 525 3784 producta
543 3737 560 3768 c
593 3718 601 3785 ΗΗ
633 3717 803 3772 edecimum
822 3734 983 3786 quemquam
1002 3733 1060 3770 esse
1079 3717 1237 3784 relictumfi
1268 3719 1276 3786 ΗΗ
1314 3719 1329 3770 7

264 3803 307 3857 his
327 3804 375 3872 Spq
400 3805 430 3858 iis
449 3805 536 3858 ΑΒΜ
571 3805 580 3873 ΗΗ
620 3805 754 3875 8quauta
776 3823 836 3859 cum
859 3807 957 3860 uirtute
976 3826 994 3858 c
1035 3807 1043 3874 ΗΗ
1086 3806 1126 3860 10.
1140 3807 1179 3857 ·11
1203 3807 1330 3860 uirtutem

263 3893 381 3961 suissed
406 3895 415 3964 ΗΗ
443 3895 475 3947 12
494 3902 544 3962 ef}
566 3895 575 3963 ΗΗ
600 3897 632 3949 15
652 3896 819 3963 ferendumd
850 3896 858 3964 ΗΗ
892 3897 923 3948 17
943 3895 1050 3972 laetatio
1070 3914 1099 3962 a,
1118 3895 1223 3948 iactatio
1243 3895 1331 3948 *Paul

353 4001 398 4056 53.
419 4002 435 4054 3
454 4018 582 4069 passuum
601 4002 665 4055 .LX.
687 4001 764 4066 (XL.
784 4004 810 4072 p)
830 4003 934 4057 abesset
951 4009 969 4070 β
1004 4002 1012 4070 ΗΗ
1049 4005 1065 4056 5
1085 4003 1198 4057 oriretur
1218 4001 1330 4072 Sg²M²c

263 4087 312 4155 ΙΝ
325 4089 359 4142 ira
376 4107 433 4143 ras.
471 4091 478 4158 ΗΗ
516 4093 575 4143 iet
594 4092 610 4145 9
629 4091 744 4144 trcuircs
764 4091 827 4158 M'fi
862 4092 870 4161 ΗΗ
908 4091 1134 4146 linduciomarus
1154 4091 1228 4159 ΛΜΗ
1255 4091 1263 4158 ΗΗ
1297 4091 1330 4146 10

262 4194 323 4230 cum
343 4178 444 4247 legione
462 4179 491 4232 in
509 4196 558 4233 sua
577 4181 687 4234 remittit
704 4180 848 4247 hibernati
879 4181 887 4245 ΗΗ
925 4183 956 4233 11
977 4181 1184 4234 samarobriuam
1204 4179 1262 4247 M²3
1286 4195 1329 4233 sa-

263 4267 439 4322 marobriuma
457 4269 525 4336 d(l);
544 4269 735 4322 samarobrium
753 4269 783 4322 X

308 4372 387 4416 Caesar
400 4374 417 4419 I.
433 4375 467 4418 ed.
482 4375 572 4418 Meusel.
1154 4359 1170 4412 9
