3218 4812
316 399 377 460 128
708 413 813 467 BELLI
832 413 974 468 GALLICI

313 594 423 639 omnes
447 581 552 658 partes
572 575 712 640 dimissis
729 577 885 659 explorat,
910 597 972 659 quo
989 576 1243 640 commodissime
1266 577 1380 642 itinere

250 689 296 744 50
315 682 430 746 vallem
453 684 587 746 transire
611 683 717 766 possit.
762 681 809 745 Eo
834 683 884 746 die
908 683 1049 766 parvulis
1073 684 1274 766 equestribus
1290 704 1406 767 prce-1

314 789 365 852 liis
397 789 438 851 ad
470 808 587 870 aquam
617 789 709 852 factis
742 791 872 871 utrique
904 809 974 854 sese
1006 810 1063 853 suo
1095 791 1165 854 loco
1201 791 1378 854 continent:

284 895 409 975 aGalli,
432 895 517 977 quod
543 895 709 979 ampliores
732 898 851 980 copias,
881 915 961 978 quae
986 898 1129 960 nondum
1157 903 1380 978 convenerant,

281 1002 535 1085 aexpectabant,
571 1001 698 1086 Caesar,
731 1003 758 1065 si
785 1004 864 1066 forte
892 1004 1014 1066 timoris
1042 1004 1245 1067 simulatione
1274 1005 1380 1069 hostes

314 1110 348 1172 in
371 1129 467 1172 suum
490 1109 596 1172 locum
620 1110 735 1174 elicere
758 1116 875 1194 posset,
901 1117 935 1174 ut
958 1112 1039 1174 citra
1062 1111 1177 1174 vallem
1196 1131 1253 1194 pro
1270 1113 1407 1176 castriso

313 1215 432 1298 proelio
456 1218 675 1294 contenderet3
708 1218 734 1279 si
757 1217 790 1279 id
815 1217 939 1281 efficere
967 1238 1031 1281 non
1061 1223 1179 1302 posset,
1207 1225 1244 1282 ut
1272 1219 1380 1301 explo-

313 1324 390 1386 ratis
423 1324 590 1387 itineribus
624 1326 748 1388 minore
782 1345 855 1388 oum
887 1325 1029 1408 periculo
1063 1325 1179 1388 vallem
1210 1327 1380 1406 rivumque
1463 1381 1466 1388 .

282 1432 470 1494 rtransiret.
515 1433 618 1514 prima
642 1430 712 1494 luce
736 1431 875 1494 hostiurn
899 1434 1059 1514 equitatus
1083 1434 1123 1495 ad
1139 1438 1241 1496 castra
1261 1433 1381 1496 accedit

280 1538 537 1620 sproeliumque
570 1557 643 1600 cum
676 1539 793 1600 uostris
830 1539 993 1619 equitibus
1029 1541 1205 1602 committit.
1266 1539 1381 1603 Caesar

312 1644 458 1707 consulto
492 1645 616 1726 equites
650 1644 761 1708 cedere
794 1663 891 1724 seque
919 1645 954 1705 in
982 1649 1084 1706 castra
1110 1647 1251 1728 recipere
1284 1647 1380 1726 iubet,
1395 1669 1421 1709 ro

312 1751 407 1813 simul
441 1769 482 1813 ex
515 1750 664 1813 omnibus
697 1749 837 1833 partibus
871 1754 972 1812 castra
1001 1750 1111 1812 altiore
1144 1751 1227 1814 vallo
1260 1754 1380 1815 muniri

313 1862 482 1940 portasque
507 1857 629 1919 obstrui
652 1862 747 1937 atque
770 1857 805 1917 iu
828 1856 877 1917 his
893 1853 1152 1918 administrandis
1170 1857 1267 1920 rebus
1284 1878 1380 1939 quarn

314 1963 454 2025 maxime
478 1964 661 2025 concrnsari
685 1969 813 2025 etcum
836 1962 1038 2026 simulatione
1062 1963 1113 2046 agi
1135 1963 1258 2026 timoris
1282 1964 1379 2026 iubet.

250 2083 294 2136 51
315 2064 436 2141 Quibus
472 2067 621 2131 omnibus
653 2069 748 2132 rebus
780 2069 886 2132 hostes
918 2070 1045 2132 invitati
1073 2070 1179 2153 copias
1209 2070 1406 2133 traducuntr

286 2175 479 2255 aeciemque
502 2177 612 2256 iniquo
636 2176 705 2239 loco
729 2177 940 2258 constituunt,
968 2177 1085 2240 nostris
1112 2197 1187 2240 vero
1216 2178 1312 2241 etiarn
1340 2177 1379 2240 de

315 2281 397 2344 vallo
422 2282 567 2345 deductis
590 2285 720 2365 propius
744 2284 900 2347 accedunt
923 2290 954 2347 et
976 2285 1038 2347 tela
1061 2285 1146 2347 intra
1168 2286 1380 2348 munitionem

282 2406 356 2451 aex
373 2389 521 2452 omnibus
541 2389 681 2472 partibus
700 2391 841 2453 coiciunt
855 2391 1132 2474 praeconibusque
1152 2393 1380 2456 circummissis

314 2496 515 2577 pronuntiari
546 2497 670 2578 iubent,
704 2516 760 2559 seu
790 2499 861 2579 quis
890 2497 999 2562 Gallus
1027 2517 1085 2561 seu
1112 2500 1275 2563 Romanus
1303 2501 1407 2563 velita

314 2607 387 2665 ante
410 2603 520 2666 horam
543 2604 668 2666 tertiam
696 2604 735 2666 ad
764 2623 798 2668 se
822 2606 972 2686 transire,
1000 2607 1069 2668 sine
1097 2607 1240 2688 periculo
1268 2607 1378 2686 licere,

279 2731 299 2770 4
313 2716 384 2791 post
406 2711 439 2773 id
462 2715 585 2793 tempus
609 2729 673 2774 non
696 2712 763 2774 fore
785 2717 980 2794 potestatem.
1027 2733 1064 2775 ac
1087 2714 1132 2774 sio
1155 2719 1281 2776 nostros
1305 2733 1380 2776 con·

313 2823 521 2901 tempserunt,
545 2824 581 2880 ut
605 2818 775 2882 obstructis
798 2820 833 2882 in
856 2821 993 2902 speciem
1015 2819 1114 2902 portis
1138 2820 1273 2902 singulis
1297 2821 1380 2883 ordi-

313 2924 409 2987 nibus
433 2927 621 3008 caespitum,
647 2925 732 3006 quod
757 2944 793 2988 ea
817 2945 882 2988 non
910 2945 1002 3008 posse
1030 2927 1263 3009 introrumpere
1293 2928 1379 2990 vide-

314 3032 442 3112 bantur,
472 3031 526 3093 alii
550 3031 670 3093 vallum
698 3052 796 3094 manu
824 3032 983 3113 scindere,
1011 3032 1067 3094 alii
1094 3032 1194 3096 fossas
1222 3035 1420 3117 complerem

282 3137 499 3219 sinciperent.
551 3143 618 3200 tum
648 3136 764 3200 Caesar
792 3139 942 3201 omnibus
969 3139 1068 3221 portis
1101 3141 1266 3222 eruptione
1299 3141 1380 3204 lacta

313 3244 522 3324 equitatuque
547 3244 661 3305 emisso
686 3243 833 3306 celeriter
855 3223 962 3308 liostes
985 3246 1017 3307 in
1041 3246 1150 3326 fugam
1174 3246 1239 3328 dat,
1263 3248 1308 3309 sic
1332 3248 1379 3310 uti

313 3350 444 3413 omnino
468 3349 632 3432 pugnandi
660 3367 756 3412 causa
778 3353 937 3414 resisteret
959 3371 1066 3433 nemo,
1094 3371 1309 3435 magnumque
1339 3372 1380 3416 ex

313 3458 352 3519 iis
376 3475 546 3520 numerum
570 3455 686 3518 occidit
709 3460 804 3537 atque
829 3476 938 3520 omnes
963 3459 1057 3520 armis
1082 3460 1178 3521 exuit.

249 3575 294 3628 5³2
402 3562 543 3646 Longius
565 3564 716 3646 prosequi
735 3565 868 3644 veritus,
894 3564 979 3646 quod
998 3565 1096 3628 silvae
1115 3565 1311 3648 paludesque
1325 3567 1405 3626 ·in-1

314 3670 517 3734 teroedebant
532 3670 648 3755 [neque
668 3672 763 3734 ctiam
778 3671 911 3754 parvulo
928 3672 1115 3735 detrimento
1130 3672 1257 3734 illorum
1272 3672 1379 3735 locum

403 3845 434 3896 21
455 3847 702 3912 commodissimos
734 3847 742 3914 ll
775 3847 808 3898 22
827 3846 910 3900 ualles
930 3846 1017 3916 (uallis
1038 3847 1069 3915 S)
1090 3867 1107 3898 o
1139 3849 1147 3912 ll
1180 3850 1304 3916 possetfl

402 3934 446 3988 bt).
467 3934 483 3985 2
502 3950 561 3987 sese
581 3953 610 4002 rc,
630 3951 658 3988 se
677 3935 739 4001 inp
769 3936 777 4004 ll
808 3936 985 4003 defficeroa,
1005 3936 1096 4003 fieriu
1128 3938 1136 4006 Η
1169 3937 1380 3990 irninorecunr

313 4041 343 4090 a,
364 4021 464 4076 minore
484 4041 517 4088 713
537 4040 552 4076 a
571 4023 705 4093 minorep
737 4024 745 4092 ll
779 4026 810 4077 11
831 4025 934 4077 munire
952 4031 969 4091 β
1001 4024 1009 4095 ll
1043 4025 1075 4078 13
1094 4025 1168 4078 iubet
1187 4025 1236 4078 del.
1257 4025 1348 4079 *Paul

401 4113 446 4166 51.
468 4112 483 4164 2
503 4113 535 4164 de
555 4120 653 4179 u3ep
689 4113 697 4180 ll
734 4115 817 4167 bseu
836 4113 894 4182 quis
914 4121 1073 4181 roruanusp
1105 4115 1113 4183 ll
1146 4115 1225 4168 ileos
1246 4134 1262 4166 u
1300 4117 1308 4186 ll
1348 4115 1379 4168 12

310 4202 359 4255 dat
377 4201 467 4254 hostes
486 4202 513 4253 in
532 4201 656 4270 fugarnp
687 4203 695 4271 {l
728 4206 758 4255 ut
775 4211 792 4269 β
823 4205 831 4270 ll
866 4204 898 4255 14
917 4204 949 4256 iis
969 4203 1006 4270 A3
1026 4204 1064 4257 eis
1084 4223 1118 4274 qr,
1139 4204 1180 4256 his
1204 4203 1243 4271 Op

401 4290 447 4345 52.
468 4292 479 4341 l
494 4291 618 4359 prosequi
632 4290 727 4359 noluit,
741 4293 841 4345 ueritus
853 4300 869 4359 ,i
892 4299 900 4360 ll
925 4294 940 4346 2
953 4293 1030 4346 illunr
1043 4293 1096 4346 SM
1101 4293 1122 4360 ²3
1137 4293 1221 4346 ullunr
1237 4294 1379 4360 Lambr'rr.;

311 4396 422 4433 suorum
441 4379 535 4434 Jurr'n.
569 4379 576 4446 {j
608 4379 695 4433 locum
717 4396 761 4434 eos
780 4389 796 4446 ,l
