3126 4968
258 323 296 384 16
657 335 762 389 annin
781 334 923 388 GALLICI

227 501 385 564 isinistra
411 499 565 583 impedita
588 500 665 562 satis
688 497 853 561 commode
876 516 1017 581 pugnare
1043 501 1202 580 poterant,
1230 496 1325 560 multi

256 613 292 670 ut
311 608 367 670 diu
390 607 504 670 iactato
520 606 668 669 bracchio
687 610 908 688 praeoptarent
926 609 1052 667 scutum
1067 623 1167 666 manu
1183 603 1324 667 emittere
1338 626 1365 669 10

229 722 287 779 aet
314 715 400 776 nudo
430 731 559 796 corpore
587 730 736 795 pugnare.
783 711 908 774 tandem
938 710 1126 774 vulneribus
1155 710 1271 774 defessi
1293 715 1325 774 et

255 822 369 904 pedem
392 820 508 884 referre
524 825 568 900 et,
593 818 678 901 quod
700 838 793 881 mons
817 817 926 880 aberat
948 818 1075 880 circiter
1096 817 1185 880 mille
1203 835 1324 900 passus,

229 947 294 992 seo
322 946 356 990 se
383 928 524 1010 recipere
548 931 727 1009 coeperunt.
775 933 863 1009 capto
892 930 999 988 monte
1027 930 1058 988 et
1080 923 1325 988 succedentibus

256 1036 372 1097 nostris
394 1033 452 1097 Boi
479 1040 510 1096 et
528 1033 670 1116 Tulingi,
695 1034 752 1114 qui
774 1033 940 1120 hominum
963 1032 1093 1094 milibus
1117 1032 1242 1095 circiter
1259 1029 1325 1094 XV

257 1160 371 1224 agmen
397 1142 539 1204 hostiurn
567 1139 757 1203 claudebant
784 1143 816 1202 et
838 1139 1021 1202 novissimis
1044 1138 1202 1221 praesidio
1227 1143 1324 1218 erant,
1338 1159 1365 1201 15

257 1267 298 1311 ex
317 1249 431 1311 itinere
452 1253 577 1310 nostros
596 1245 666 1331 (ab)
686 1246 784 1310 latere
801 1252 907 1330 aperto
925 1246 1067 1329 adgressi
1084 1246 1324 1326 circumvenire,

257 1360 288 1417 et
311 1356 344 1418 id
368 1355 540 1437 conspicati
560 1353 713 1436 Helvetii,
738 1355 795 1436 qui
818 1355 853 1416 in
875 1360 1016 1416 montem
1039 1371 1108 1415 sese
1130 1357 1324 1434 receperant,

229 1485 241 1526 r
255 1481 366 1524 rursus
381 1463 500 1524 instare
516 1465 548 1524 et
563 1461 720 1542 proelium
740 1461 956 1543 redintegrare
973 1463 1154 1541 coeperunt.
1189 1457 1325 1521 Romani

257 1587 410 1632 conversa
426 1570 516 1651 signa
530 1568 678 1650 bipertito
694 1566 885 1630 intulerunt:
906 1567 1008 1649 prima
1023 1570 1055 1628 et
1069 1565 1211 1628 secunda
1231 1567 1324 1646 acies,

255 1680 292 1738 ut
314 1676 408 1738 victis
431 1694 468 1736 ac
488 1673 644 1737 submotis
664 1675 837 1753 resisteret,
861 1674 966 1753 tertia,
988 1679 1025 1734 ut
1045 1673 1210 1736 venientes
1230 1673 1324 1735 susti·
1338 1693 1365 1736 ao

203 1795 239 1850 26
257 1787 354 1845 naret.
387 1781 437 1843 Ita
452 1781 583 1863 ancipiti
598 1779 720 1862 proelio
745 1780 801 1842 diu
824 1784 919 1862 atque
943 1780 1056 1842 acriter
1074 1783 1250 1862 pugnatum
1268 1783 1323 1842 est.
1338 1801 1350 1842 1

258 1889 379 1951 diutius
415 1906 488 1949 cnm
520 1887 677 1950 sustinere
709 1890 891 1949 nostrorum
922 1886 1059 1968 impetus
1090 1905 1157 1948 non
1187 1891 1324 1968 possent

257 1996 347 2058 alteri
371 2013 418 2076 se,
446 1998 483 2055 nt
506 1999 687 2077 coeperant,
715 1993 750 2054 in
773 1997 914 2056 montem
939 1998 1142 2075 receperunt,
1170 1993 1261 2056 alteri
1284 1993 1324 2055 ad

230 2101 484 2185 simpedimenta
509 2106 540 2163 et
562 2119 668 2162 carros
692 2118 766 2162 suos
784 2119 818 2162 se
838 2099 1049 2162 contulerunt.
1086 2100 1239 2162 namhoc
1258 2104 1323 2162 tcto

257 2208 391 2291 proelio,
415 2227 489 2270 cum
513 2206 551 2268 ab
574 2207 653 2268 hora
675 2207 810 2288 septima
833 2206 874 2268 ad
893 2225 1060 2289 vesperum
1078 2211 1255 2289 pugnatum
1275 2207 1351 2286 sita

230 2333 404 2378 aaversum
428 2314 552 2377 hostem
575 2313 683 2376 videre
705 2332 800 2376 nemo
823 2314 934 2396 potuit.
979 2312 1019 2375 ad
1042 2313 1176 2374 multam
1198 2318 1325 2376 noctem

258 2423 354 2484 etiam
377 2422 417 2483 ad
440 2420 667 2503 impedimenta
690 2426 868 2503 pugnatum
888 2428 948 2502 est,
970 2425 1135 2503 propterea
1159 2421 1245 2501 quod
1267 2439 1323 2503 pro

258 2528 342 2590 vallo
375 2547 481 2590 carros
510 2528 691 2590 obiecerant
723 2533 754 2590 et
786 2546 803 2590 e
835 2527 905 2589 loco
939 2528 1101 2609 superiore
1133 2528 1167 2588 in
1198 2533 1324 2590 nostros

258 2636 423 2698 venientes
447 2633 511 2696 tela
529 2634 705 2697 coiciebant
729 2638 760 2697 et
781 2633 948 2696 nonnulli
971 2634 1055 2696 inter
1074 2652 1179 2695 carros
1197 2633 1324 2696 raedas-

259 2761 321 2822 que
349 2749 485 2803 mataras
509 2761 546 2804 ac
569 2740 710 2824 tragulas
738 2740 939 2803 subiciebant
963 2744 1153 2820 nostrosque
1176 2739 1365 2804 vulnera-10

230 2849 341 2911 ibant.
389 2849 445 2910 diu
470 2867 543 2910 cum
567 2853 651 2911 esset
673 2853 863 2931 pugnatum,
891 2845 1125 2930 impedimentis
1149 2848 1324 2928 castrisque

255 2956 357 3018 nostri
380 2956 471 3037 potiti
495 2961 577 3017 sunt.
615 2954 661 3016 ibi
674 2953 875 3051 ⁸Orgetorigis
897 2953 965 3016 filia
983 2960 1079 3035 atquc
1103 2973 1187 3016 unus
1211 2973 1228 3016 e
1249 2953 1324 3016 filiis

230 3067 367 3145 soaptus
392 3066 446 3124 est.
485 3079 526 3122 ex
550 3081 586 3124 eo
610 3061 729 3144 proelio
749 3062 875 3123 circiter
897 3062 1064 3124 hominum
1088 3061 1177 3122 milia
1197 3058 1325 3122 CXXX

257 3167 482 3252 superfuerunt
505 3186 605 3249 eaque
629 3173 695 3230 tota
718 3174 809 3230 nocte
834 3168 1033 3230 continenter
1060 3168 1167 3230 ierunt
1191 3166 1325 3250 [nullam

256 3284 378 3358 partem
405 3275 507 3337 noctis
529 3275 645 3337 itinere
668 3273 876 3356 intermisso];
905 3274 940 3334 in
962 3272 1044 3336 fines
1067 3272 1249 3355 Lingonum
1273 3275 1323 3336 die
1338 3296 1364 3337 15

348 3594 497 3646 10scutum
508 3593 571 3660 Mss3
592 3595 666 3646 scuto
679 3590 712 3657 B;
726 3593 862 3660 scutaeyg
875 3591 950 3644 Paul
976 3591 984 3663 ll
1013 3593 1046 3644 12
1060 3593 1151 3646 aberat
1164 3592 1324 3659 Promotum

258 3682 366 3734 suberat
382 3683 412 3735 X
449 3682 457 3753 ll
498 3699 593 3753 possus
613 3683 684 3746 HM3
712 3697 838 3750 passuum
855 3682 895 3748 X3
924 3683 1031 3736 suberat
1049 3683 1154 3736 circiter
1172 3680 1244 3734 mille
1263 3697 1324 3749 pas·

258 3788 336 3824 suum
358 3771 469 3841 (spatio)
489 3772 567 3824 Dior.
609 3771 617 3842 Η
660 3773 693 3824 14
714 3771 764 3824 Boi
782 3771 940 3839 Hammon
968 3772 1020 3825 boii
1037 3771 1067 3824 X
1104 3770 1113 3843 ll
1155 3772 1188 3825 16
1212 3771 1244 3824 ab
1262 3771 1323 3823 odd.

258 3860 319 3913 HM
352 3858 361 3930 ll
398 3861 588 3913 circumuenire
607 3860 672 3927 oa&
692 3859 890 3914 circumuenere
908 3862 967 3914 rell.

346 3985 391 4039 26.
416 3985 432 4038 6
456 4001 580 4037 auersum
600 3983 758 4052 A²Brf²a23
787 3988 929 4039 aduersum
951 3986 981 4038 X
1023 3985 1031 4057 ll
1077 3985 1101 4039 9.
1123 3987 1156 4040 10
1179 3986 1325 4053 raedasque

258 4074 372 4139 Maisan
392 4077 517 4142 rotasque
530 4074 559 4126 X
594 4071 602 4144 ll
641 4073 671 4125 11
693 4075 838 4143 castrisque
857 4075 895 4142 X3
915 4077 1048 4143 carrisque
1063 4075 1137 4128 Paul
1173 4073 1181 4145 ll
1220 4075 1253 4126 12
1271 4074 1326 4128 filia

253 4161 368 4232 2M²o²;
392 4162 461 4216 filior
480 4162 538 4229 M¹3
561 4162 669 4230 filieilil
690 4162 902 4229 B¹3fflae13²p
938 4163 945 4233 ll
984 4165 1025 4215 14.
1046 4165 1079 4216 15
1102 4162 1203 4216 nullam
1223 4167 1325 4231 partem

258 4253 342 4304 noctis
360 4252 453 4306 itinere
471 4252 622 4304 intermisso
640 4252 680 4318 X3
700 4252 748 4304 dcl.
769 4251 865 4305 Morus
902 4250 909 4322 ll
947 4255 979 4304 15
999 4251 1155 4320 linguonum
1174 4253 1208 4304 M
1212 4253 1281 4305 ¹B²o
