3126 4968
1305 21 1520 149 ¹*

313 343 356 405 42
713 353 819 410 Bam
838 355 980 410 GALLIGI

283 539 504 602 amarumque
528 519 696 583 subruunt.
743 517 829 602 quod
851 523 921 582 tum
942 518 1036 582 facile
1058 517 1162 583 fiebat
1209 537 1284 582 nam
1307 537 1381 582 curn

311 633 400 691 tanta
422 625 593 690 multitudo
618 625 739 710 lapides
763 645 800 688 ac
824 625 887 690 tela
909 627 1080 706 coicerent,
1104 627 1138 690 in
1161 645 1253 690 muro
1278 626 1383 690 oonsi-

283 733 416 800 4stendi
447 737 585 817 potestas
618 738 686 796 erat
716 732 807 796 nulli.
854 751 928 796 oum
954 731 1052 796 finem
1082 732 1287 816 oppugnandi
1315 751 1382 796 nox
1397 754 1427 799 ro

310 841 449 922 fecisset,
476 839 583 904 Iccius
611 839 741 921 Remus,
769 859 894 903 summa
922 839 1088 904 nobilitate
1116 844 1148 902 et
1174 840 1277 924 gratia
1298 841 1382 904 inter

311 965 399 1028 suos,
424 947 480 1029 qui
503 951 572 1010 tum
595 946 711 1030 oppido
734 951 890 1030 praeerat,
914 964 999 1009 unus
1014 965 1057 1010 ex
1080 945 1133 1028 iia,
1158 947 1214 1027 qni
1229 947 1325 1030 legati
1340 945 1381 1010 de

309 1071 387 1138 paco
411 1054 451 1116 ad
475 1052 644 1118 Caesarem
669 1057 837 1133 venerant,
866 1055 996 1116 nuntios
1020 1052 1059 1115 ad
1083 1073 1158 1117 eum
1180 1055 1289 1136 mittit,
1316 1053 1382 1117 nisi

311 1160 492 1225 subsidium
524 1161 585 1224 sibi
618 1161 835 1240 submittatur,
868 1179 937 1224 sese
970 1160 1092 1224 diutius
1125 1161 1281 1225 sustinere
1314 1179 1381 1224 non

275 1285 410 1352 oposse.
455 1266 503 1331 Eo
528 1269 567 1332 de
599 1267 704 1330 media
735 1272 828 1331 nocte
853 1265 969 1332 Caesar
1000 1267 1102 1330 isdem
1130 1267 1266 1331 ducibus
1294 1287 1411 1348 usus,1

311 1377 367 1458 qui
382 1376 489 1438 nuntii
504 1375 543 1437 ab
559 1374 645 1438 Iccio
661 1379 822 1454 venerant,
845 1373 1002 1438 Numidas
1021 1378 1053 1437 et
1069 1372 1178 1438 Cretas
1201 1375 1380 1457 sagittarios

282 1486 342 1546 aet
363 1481 541 1545 funditores
564 1481 713 1545 Baleares
738 1480 881 1544 subsidio
911 1480 1077 1564 oppidanis
1100 1482 1210 1560 mittit3
1241 1499 1380 1562 quorum

310 1588 451 1652 adventu
478 1592 511 1651 et
536 1588 646 1651 Remis
677 1607 752 1651 cum
785 1606 839 1671 spe
872 1586 1067 1651 defensionis
1096 1587 1239 1651 studium
1261 1607 1380 1671 propu-

309 1695 430 1779 gnandi
453 1697 587 1758 accessit
608 1699 641 1759 et
662 1695 807 1758 hostibus
830 1695 942 1758 eadem
962 1694 1001 1758 de
1018 1713 1114 1758 causa
1136 1713 1208 1778 spes
1230 1694 1412 1778 potiundis

281 1802 418 1885 aoppidi
446 1801 599 1865 discessit.
646 1803 754 1883 itaque
781 1802 944 1886 paulisper
971 1800 1055 1885 apud
1084 1801 1237 1885 oppidum
1264 1803 1378 1865 morati

310 1927 466 1992 agrosque
498 1907 672 1972 Remorum
705 1909 888 1992 depopulati
921 1908 1070 1972 omnibus
1097 1909 1178 1972 vicis
1211 1907 1379 1972 aedificiis·

310 2035 386 2098 que,
411 2035 474 2097 quo
499 2015 587 2078 adire
601 2019 784 2098 potuerant,
808 2017 948 2080 incensis
970 2015 1010 2078 ad
1026 2020 1129 2078 castra
1145 2013 1287 2079 Caesaris
1311 2034 1378 2078 om-

309 2121 405 2185 nibus
438 2123 537 2205 copiis
566 2122 797 2185 contenderunt
829 2127 860 2184 et
888 2141 906 2182 a
933 2121 1063 2186 milibus
1091 2141 1244 2204 passuum
1270 2123 1377 2184 minus

280 2252 295 2292 4
309 2228 434 2292 duobus
457 2235 560 2293 castra
582 2232 772 2312 posuerunt,
798 2245 879 2310 quae
896 2234 1007 2309 castra,
1031 2234 1066 2292 ut
1080 2229 1169 2291 fumo
1185 2234 1281 2311 atque
1296 2230 1378 2312 igni·
1395 2249 1427 2293 10

307 2335 368 2398 bus
392 2334 643 2418 significabatur,
667 2335 804 2418 amplius
826 2334 957 2398 milibus
977 2354 1130 2418 passuum
1145 2335 1227 2399 VIII
1250 2337 1285 2398 in
1307 2335 1377 2398 lati-

271 2458 288 2512 8
308 2443 453 2506 tudinem
475 2442 633 2525 patebant.
681 2441 796 2506 Caesar
817 2444 920 2525 primo
946 2447 977 2505 et
993 2447 1123 2526 propter
1138 2442 1377 2505 multitudinem
1394 2463 1410 2505 1

307 2550 448 2613 hostium
476 2555 508 2614 et
534 2554 663 2632 propter
695 2550 847 2614 eximiam
880 2550 1064 2632 opinionem
1095 2549 1224 2612 uirtutis
1256 2548 1376 2632 proelio

279 2656 513 2740 asupersedere
546 2657 671 2736 statuit,
710 2655 969 2742 aal'nhfflmffl
1005 2656 1209 2738 equestribus
1247 2655 1376 2739 proeliis

308 2764 386 2846 quid
409 2764 509 2827 hostis
532 2764 650 2828 virtute
673 2767 780 2845 posset
803 2768 835 2825 et
859 2763 937 2845 quid
958 2764 1058 2826 nostri
1075 2762 1229 2826 auderent
1251 2762 1377 2845 pericli-

278 2871 439 2934 etabatur.
486 2870 543 2934 ubi
570 2874 694 2933 nostros
721 2889 787 2932 non
816 2889 884 2933 esse
912 2869 1078 2933 inferiores
1105 2870 1278 2952 intellexit,
1305 2869 1409 2934 locos

305 2997 363 3061 pro
387 2979 497 3040 castus
521 2976 561 3040 ad
584 2979 685 3040 aciem
712 2975 933 3040 instruendam
956 2981 1072 3039 natura
1099 2981 1256 3060 oportuno
1280 2983 1376 3059 atque

305 3084 436 3166 idoneo,
460 3083 547 3166 quod
569 3085 597 3146 is
621 3084 722 3164 collis,
746 3083 803 3146 ubi
826 3090 928 3147 castra
950 3085 1053 3165 posita
1077 3089 1179 3166 erant,
1208 3083 1376 3166 paululum

307 3209 348 3254 ex
369 3190 501 3274 planitie
517 3189 621 3254 editus
644 3195 768 3254 tantum
784 3189 936 3254 adversus
959 3191 994 3252 in
1016 3190 1219 3254 latitudinem
1240 3189 1376 3273 patebat,

394 3439 509 3494 8fiebat
527 3438 604 3492 facile
623 3457 645 3490 π
676 3442 685 3506 11
718 3454 779 3492 uam
798 3454 859 3492 cum
878 3457 908 3505 u3
927 3437 1086 3506 Namquess
1117 3441 1126 3506 11
1158 3437 1327 3492 9coicercut
1344 3457 1376 3505 a3

305 3527 461 3598 coiciebant,
485 3531 551 3594 utfl
582 3529 591 3598 11
628 3527 662 3582 10
681 3530 738 3580 erat
757 3546 784 3595 c,
813 3529 919 3594 essetfl
955 3528 964 3594 11
1002 3525 1275 3594 repraesentem
1298 3542 1376 3594 prae-

305 3617 391 3670 fuerat
407 3616 438 3670 X
467 3619 476 3682 11
507 3633 579 3670 unus
597 3617 689 3684 aloda
708 3634 791 3669 unum
810 3615 841 3669 X
869 3615 878 3684 11
909 3616 942 3670 iis
961 3616 990 3683 t,
1010 3615 1052 3669 his
1070 3615 1130 3669 rell.
1168 3616 1176 3684 11
1215 3617 1248 3669 13
1267 3615 1377 3670 nuntios

304 3705 380 3773 Alit,
399 3707 522 3759 nuntium
540 3705 571 3758 X
600 3708 608 3778 11
642 3706 676 3759 14
695 3706 866 3759 submittatur
885 3724 914 3773 o,
934 3706 1090 3772 mittaturss

327 3885 329 3890 Ι
394 3815 420 3868 l.
442 3813 458 3866 2
477 3813 542 3867 iccio
564 3812 686 3880 SMeBe3
706 3813 761 3868 icco
781 3832 810 3880 c3
829 3813 891 3866 ictio
910 3812 977 3883 ,4²03
1000 3812 1052 3866 iaio
1071 3831 1093 3864 π
1126 3815 1134 3877 11
1166 3812 1377 3881 3balearesque

303 3901 366 3968 Blfl
397 3903 406 3970 11
437 3902 683 3970 Squofl3quosa
716 3902 724 3970 11
755 3905 906 3971 poterantfl
938 3903 946 3970 11
978 3900 1111 3974 araas
1131 3901 1163 3956 ab
1184 3921 1224 3953 απ
1256 3901 1265 3970 11
1298 3900 1379 3956 10ut

305 4007 339 4044 cx
357 3990 466 4056 fumoss

393 4097 420 4152 8.
441 4097 457 4150 2
476 4096 626 4166 opinionem
645 4097 772 4150 eximiam
791 4116 813 4149 π
845 4097 853 4164 11
885 4098 1011 4165 iposset
1030 4097 1130 4151 uirtute
1150 4116 1173 4149 π
1204 4099 1212 4166 11
1245 4098 1270 4150 4.
1290 4099 1306 4152 5
1327 4113 1376 4166 pe-

303 4187 466 4240 riclitabatur
485 4205 515 4254 a,
534 4186 762 4240 sollicitationibus
777 4187 932 4255 exquirebat
945 4185 1008 4253 ΒΨ
1040 4187 1049 4254 11
1081 4189 1097 4240 5
1112 4186 1245 4241 intellexit
1263 4186 1376 4242 inferio·

303 4291 346 4329 res
365 4295 387 4328 π
419 4277 428 4345 11
460 4276 512 4330 lis
532 4293 580 4344 aa,
600 4276 677 4343 hisp
708 4277 716 4346 11
749 4276 892 4346 paulump
