3126 4968
289 365 331 427 54
688 377 793 434 enirn
812 377 954 434 GALLICI

1549 477 1550 510 l

288 541 496 606 cadaveribus
520 542 576 624 qni
599 547 800 625 superessent
822 548 859 606 ut
882 561 924 606 ex
947 541 1071 606 tumulo
1095 541 1157 606 tela
1179 541 1215 605 in
1231 545 1355 606 nostros

260 649 447 714 sooicerent
479 653 511 712 et
541 648 609 732 pila
638 649 814 732 intercepta
845 650 1057 714 remitterent:
1091 652 1222 713 utnon
1244 649 1356 731 neqni-
1549 631 1550 704 l

289 775 384 837 quam
408 759 514 820 tantae
536 757 664 819 virtutis
687 755 832 820 homines
860 755 996 818 iudicari
1019 754 1147 820 deberet
1169 774 1263 819 ausos
1287 772 1356 818 esse
1375 675 1434 884 l

288 861 424 926 transire
455 861 648 925 latissimum
679 861 815 944 flumen,
853 862 1025 926 ascendere
1063 861 1231 926 altissimas
1263 863 1356 946 ripas,

288 968 395 1032 subire
427 969 664 1052 iniquissimum
696 969 815 1048 locum,
851 987 932 1050 quae
964 967 1069 1032 facilia
1092 987 1135 1032 ex
1160 967 1356 1032 difficillimis
1370 993 1397 1040 ιε

233 1081 269 1137 28
287 1076 388 1140 animi
415 1077 600 1160 magnitudo
628 1076 801 1158 redegerat.
847 1075 918 1140 Hoc
944 1076 1066 1159 proelio
1094 1075 1176 1139 facto
1204 1081 1237 1139 et
1258 1095 1382 1159 proper

288 1182 329 1246 ad
350 1184 602 1248 internecionem
624 1187 718 1266 gente
735 1201 772 1246 ac
787 1183 916 1246 nomine
931 1182 1126 1248 Nerviorum
1146 1181 1273 1246 redacto
1290 1201 1357 1245 rna»

288 1291 371 1354 iores
386 1294 472 1372 natu,
489 1310 569 1374 quos
586 1309 651 1352 una
667 1309 741 1353 cum
756 1290 864 1372 pueris
880 1288 1133 1370 mulieribusque
1149 1288 1184 1352 in
1200 1290 1356 1353 aestuaria

288 1416 325 1460 ao
346 1397 479 1480 paludes
502 1397 663 1460 coniectos
687 1394 885 1478 dixeramus,
907 1397 966 1459 hac
981 1397 1258 1480 pugnaruntiata,
1282 1415 1356 1459 cum

287 1503 462 1568 victoribus
485 1503 568 1566 nihil
590 1503 794 1586 impediutm,
816 1504 909 1566 victis
932 1502 1014 1566 nibil
1038 1508 1143 1566 tutum
1167 1502 1384 1570 arbitramus

261 1617 349 1693 2tur,
372 1611 527 1690 omnium,
552 1610 608 1691 qui
632 1615 829 1693 supererant,
854 1629 1013 1674 consensu
1035 1610 1156 1692 legatos
1180 1609 1221 1674 ad
1243 1609 1356 1674 Gaesa-

287 1737 356 1782 rem
378 1718 536 1782 miserunt
559 1735 657 1799 seque
681 1718 712 1780 ei
735 1716 938 1799 dediderunt,
963 1718 1052 1780 etin
1078 1717 1357 1780 commemoranda

288 1825 424 1887 civitatis
448 1823 626 1887 calamitate
650 1843 692 1886 ex
714 1821 770 1885 ΒΟ
793 1822 834 1886 ad
852 1827 916 1886 tres
932 1827 1106 1905 senatoreS,
1131 1840 1172 1885 ex
1188 1821 1356 1886 hominum

288 1930 418 1993 milibus
449 1929 510 1993 LX
540 1931 597 1993 vix
629 1928 669 1992 ad
700 1929 744 2013 D,
785 1931 839 2011 qui
875 1949 962 1992 arma
993 1930 1074 1994 ferre
1107 1934 1251 2013 possent,
1288 1947 1356 1992 sese

261 2037 433 2100 eredaetos
469 2055 538 2101 esse
576 2037 737 2101 dixerunt.
798 2056 878 2120 quos
916 2037 1043 2117 Caesar,
1080 2040 1117 2099 ut
1152 2036 1187 2098 in
1224 2037 1356 2100 miseros
1371 2061 1399 2103 ιο

289 2163 326 2206 aa
356 2143 515 2226 supplices
547 2163 626 2207 usus
655 2144 875 2208 misericordia
906 2144 1081 2226 uideretur,
1115 2142 1356 2226 diligentissime

288 2250 491 2314 conservavit
522 2251 653 2332 suisque
684 2249 804 2313 finibus
837 2254 931 2331 atque
964 2249 1087 2333 oppidis
1120 2251 1168 2313 uti
1200 2250 1293 2314 iussit
1325 2254 1357 2314 et

287 2355 432 2420 finitimis
454 2358 632 2441 imperavit,
657 2362 692 2420 ut
715 2356 754 2420 ab
777 2357 895 2421 iniuria
918 2361 950 2420 et
971 2355 1130 2420 maleficio
1155 2377 1188 2420 se
1216 2376 1355 2440 suosque
1357 2401 1410 2484 A

288 2463 501 2546 prohiberent.

234 2574 270 2630 29
376 2570 541 2653 Atuatuci,
575 2571 614 2634 de
647 2570 763 2653 quibus
796 2590 893 2654 supra
920 2570 1076 2653 diximuS,
1109 2591 1184 2634 oum
1207 2571 1382 2634 omnibusr

289 2677 387 2761 copiis
415 2678 535 2740 auxilio
559 2677 687 2741 Nerviis
718 2679 878 2761 venirent,
911 2678 970 2741 hac
1002 2697 1110 2760 pugna
1140 2678 1287 2741 nuntiata
1315 2695 1356 2740 ex

262 2784 401 2847 sineere
435 2785 566 2848 domum
597 2788 809 2864 reverterunt,
843 2786 968 2848 cunctis
1001 2783 1124 2867 oppidis
1156 2784 1356 2865 castellisque

289 2890 421 2954 desertis
444 2911 502 2954 sua
526 2892 633 2954 omnia
654 2893 690 2954 in
712 2911 815 2955 unum
838 2891 990 2974 oppidum
1014 2892 1138 2973 egregie
1157 2896 1272 2954 natura
1286 2910 1356 2953 rnu-

261 2998 393 3060 emtum
416 2998 628 3062 contuderunt.
668 2999 754 3080 quod
770 3018 843 3061 cum
860 3017 902 3061 ex
918 2997 1068 3060 omnibus
1085 2998 1119 3059 in
1135 2999 1271 3061 circuitu
1285 3017 1383 3080 par-s

289 3103 375 3167 tibus
398 3105 565 3168 altissimas
588 3124 684 3186 rupes
712 3104 918 3186 deiectusque
946 3105 1088 3187 haberet,
1117 3123 1182 3166 una
1204 3124 1246 3168 ex
1268 3109 1356 3187 parte

288 3210 403 3274 leniter
434 3211 563 3274 acclivis
596 3210 701 3274 aditus
735 3212 770 3273 in
801 3211 1003 3274 latitudinem
1035 3229 1101 3273 non
1134 3211 1270 3294 amplius
1302 3229 1356 3294 pe-

289 3316 366 3379 dum
399 3316 448 3380 OC
482 3317 736 3400 relinquebatur,
776 3337 872 3398 quern
908 3317 1015 3380 locum
1049 3317 1169 3401 duplici
1202 3317 1355 3382 altissimo

378 3601 411 3653 12
431 3604 458 3655 et
475 3601 529 3669 pila
548 3619 578 3668 ας
597 3601 702 3669 pilaque
719 3608 737 3668 β
768 3600 777 3668 ll
810 3601 843 3654 13
863 3601 972 3656 deberet
989 3600 1043 3668 13²,
1062 3601 1139 3666 Aul.;
1159 3601 1284 3654 deberent
1301 3599 1332 3652 X
1347 3597 1356 3670 d

288 3705 368 3743 ausos
388 3705 447 3743 esse
466 3708 495 3757 a,
515 3693 561 3743 ant
579 3689 601 3742 si
620 3691 690 3758 quod
709 3693 798 3743 essent
815 3689 898 3758 c¹lr¹l3
917 3690 974 3744 ausi
988 3690 1057 3759 quod
1076 3688 1196 3756 essentf
1222 3695 1231 3757 tt
1247 3691 1280 3744 16
1299 3704 1355 3743 ma-

289 3777 424 3847 gnitudine
442 3785 460 3846 β
491 3780 500 3848 (Ι
531 3779 687 3847 redegerant
704 3778 792 3844 B²a13
810 3779 962 3848 redigerent
978 3779 1004 3846 ἴς
1022 3779 1173 3833 reddiderat
1193 3777 1356 3832 *HJMulur

377 3903 423 3958 28.
442 3904 460 3956 4
479 3902 611 3957 coniectos
634 3903 747 3970 (ἰωκάς
767 3903 891 3958 collectos
909 3902 940 3956 X
969 3905 977 3973 ll
1008 3903 1059 3957 bac
1071 3919 1160 3972 pugna
1173 3903 1292 3958 nonnata
1304 3903 1353 3956 del.

289 3990 413 4058 Kraffert
444 3993 453 4056 ll
485 3992 648 4046 ldedernnt
668 3992 750 4046 Sa¹n¹

378 4116 423 4171 29.
444 4119 457 4168 1
479 4117 596 4170 diximus
613 4124 643 4184 β;
667 4116 821 4184 scripsimus
841 4137 858 4167 c
899 4117 908 4186 ll
949 4118 965 4170 6
986 4117 1157 4184 deiectusque
1175 4115 1285 4184 Jura'ra.;
1309 4117 1354 4170 de·

289 4208 449 4274 spectusque
467 4205 497 4258 X
517 4207 525 4275 {l
550 4207 564 4258 7
584 4205 672 4259 aditus
692 4203 735 4272 cf3
754 4205 859 4288 additu-s
872 4204 935 4274 B²fi
957 4207 966 4275 ΙΙ
992 4205 1160 4258 latitudinem
1179 4205 1275 4273 (B²)p;
1295 4205 1354 4259 alti·

289 4294 407 4347 tudinem
427 4313 444 4345 α
475 4293 484 4361 ll
516 4295 541 4347 7.
560 4294 577 4348 8
596 4294 694 4362 pedum
714 4293 771 4348 EO.
792 4294 861 4363 (uc.
881 4294 927 4361 ab)
946 4301 975 4361 ru
995 4294 1170 4347 ducentorum
1189 4295 1286 4362 pedum
1307 4314 1325 4346 u
