3218 4812
606 275 714 330 Inssnn
735 276 769 329 V.
793 276 869 330 cnr.
888 278 1006 330 41-44.
1276 262 1339 324 123

229 462 257 505 ro
270 441 483 503 munitionem
510 439 717 522 perfecerunt.
767 438 900 522 reliquis
928 439 1041 504 diebus
1068 445 1172 503 turres
1201 439 1241 502 ad
1269 439 1367 504 alti-a

271 547 416 610 tudinem
448 546 536 627 valli,
572 546 668 610 falces
700 547 954 629 testudinesque,
992 566 1071 628 quas
1105 547 1191 610 idem
1224 547 1340 630 captivi

244 655 458 734 rdocuerant‚
480 672 592 736 parare
616 672 653 716 ac
674 653 778 716 faeere
802 658 982 737 coeperunt.
1022 652 1161 737 Septimo
1178 672 1340 737 oppugna·
1358 668 1395 723 43

270 761 366 824 tionis
390 760 440 824 die
464 761 604 823 maximo
628 764 735 824 coorto
755 765 851 824 vento
866 760 1027 824 ferventes
1042 760 1154 824 fusiles
1170 780 1212 825 ex
1229 761 1340 843 argilla

271 866 403 950 glandes
425 867 533 930 fundis
562 871 593 930 et
619 866 790 930 fervefacta
816 867 921 930 iacula
948 869 982 930 in
1011 887 1112 948 casas,
1141 887 1222 950 quae
1252 886 1339 931 more

272 973 392 1037 Gallico
425 975 606 1037 stramentis
635 979 725 1037 erant
757 978 872 1054 tectae,
897 975 1013 1042 iacere
1049 979 1229 1057 coeperunt.
1281 974 1367 1038 haea

240 1081 417 1145 sceleriter
439 1081 547 1163 ignem
571 1081 881 1164 comprehenderunt
904 1086 936 1144 et
959 1082 1046 1143 venti
1062 1080 1281 1163 magnitudine
1306 1082 1340 1142 in

271 1206 399 1251 omnem
421 1188 528 1250 locum
551 1193 728 1251 castrorum
751 1186 952 1250 distulerunt.
989 1187 1096 1251 hostes
1119 1188 1259 1250 maximo
1277 1187 1367 1252 ola-e

270 1314 359 1358 more
382 1295 477 1357 sicuti
492 1299 582 1376 parta
601 1295 665 1356 iam
682 1298 777 1376 atque
793 1294 957 1377 explorata
971 1294 1106 1358 victoria
1122 1299 1225 1358 turres
1241 1298 1339 1358 testu-

271 1401 428 1482 dinesque
452 1419 545 1483 egero
570 1406 601 1464 et
624 1400 717 1464 scalis
740 1401 859 1463 vallum
884 1401 1056 1465 ascendere
1080 1406 1260 1484 coeperunt.
1308 1406 1366 1464 ati

271 1513 358 1571 tanta
381 1508 519 1570 militum
541 1509 644 1571 virtus
671 1512 767 1590 atque
796 1527 833 1571 ea
860 1508 1040 1590 praesentia
1067 1508 1167 1570 animi
1193 1507 1267 1589 fuit,
1295 1514 1339 1589 ut,

229 1633 345 1678 iocum
368 1615 511 1697 undique
530 1614 656 1678 flamma
673 1621 870 1678 torrerentur
884 1616 1089 1697 maximaque
1105 1614 1242 1678 telorum
1257 1615 1340 1677 mul·

271 1721 407 1785 titudine
438 1728 660 1805 premerentur
691 1741 814 1804 suaque
847 1723 954 1785 omnia
985 1722 1212 1805 impedimenta
1244 1726 1339 1804 atque

271 1847 381 1892 omnes
404 1829 547 1893 fortunas
571 1828 765 1912 conflagrare
793 1829 1026 1912 intellegerent,
1053 1847 1119 1892 non
1147 1829 1240 1892 modo
1274 1826 1339 1912 [de-

270 1935 430 2018 migrandi
454 1936 560 2020 causa]
589 1936 628 2000 de
652 1936 736 1999 vallo
760 1936 928 2000 decederet
949 1955 1058 2018 nemo,
1086 1936 1142 1998 sed
1169 1954 1271 2019 paene
1298 1954 1339 1999 ne

270 2043 442 2125 respiceret
466 2042 596 2124 quidem
620 2044 802 2126 quisquam,
826 2062 863 2106 ac
886 2049 956 2106 tum
975 2062 1084 2106 omnes
1106 2043 1258 2107 acerrime
1276 2042 1339 2105 ior-

230 2150 456 2231 latissimeque
478 2156 666 2233 pugnarent.
712 2151 764 2213 hic
784 2149 852 2213 dies
875 2151 992 2213 nostris
1011 2150 1106 2233 longe
1130 2150 1366 2233 gravissimusa

269 2256 343 2338 fuit,
367 2257 422 2320 sed
446 2262 553 2321 tamen
568 2257 655 2320 huno
670 2257 783 2320 habuit
799 2262 961 2338 eventum,
985 2262 1078 2321 uteo
1103 2257 1154 2320 die
1178 2257 1339 2320 maximus

269 2382 424 2427 numerus
447 2364 586 2427 hostium
609 2364 833 2428 vulneraretur
856 2369 951 2446 atque
974 2363 1217 2445 interficeretur,
1246 2368 1282 2426 ut
1305 2383 1338 2427 sc

270 2470 329 2533 sub
354 2470 423 2554 ipso
448 2471 531 2534 vallo
560 2473 816 2554 constipaverant
843 2489 1068 2553 recessumque
1095 2472 1206 2554 primis
1234 2471 1338 2534 ultimi

270 2596 336 2640 non
360 2577 485 2641 dabant.
531 2578 662 2661 paulum
687 2579 816 2661 quidem
839 2579 1020 2642 intermissa
1047 2578 1175 2641 flamma
1202 2584 1233 2640 et
1261 2597 1366 2659 quo-e

226 2703 257 2746 ao
271 2684 344 2747 dam
371 2684 441 2748 loco
469 2686 550 2747 turri
573 2684 684 2748 adacta
712 2690 742 2748 et
770 2687 972 2768 contingente
1000 2684 1121 2747 vallum
1148 2687 1258 2748 tertiae
1288 2703 1339 2746 co·

270 2791 370 2854 hortis
402 2792 605 2854 centuriones
639 2811 679 2855 ex
713 2811 749 2854 eo
783 2811 846 2874 quo
879 2791 1005 2854 stabant
1035 2791 1104 2854 loco
1137 2797 1340 2856 recesserunt
1380 2791 1383 2796 '

270 2916 410 2979 suosque
438 2917 547 2962 omnes
575 2903 793 2979 removerunt,
826 2903 907 2961 nutu
935 2898 1133 2980 vocibusque
1160 2897 1279 2980 hostes,
1312 2898 1339 2959 si

270 3005 402 3068 introire
427 3005 557 3089 vellent,
582 3024 695 3069 vocare
712 3011 898 3088 coeperunt3
924 3024 1061 3087 quorum
1077 3006 1338 3088 progrediausus

271 3117 319 3174 cst
342 3131 444 3175 nemo.
491 3118 559 3175 tum
583 3132 625 3176 ex
649 3114 736 3176 omni
758 3118 848 3196 parte
871 3112 1031 3195 lapidibus
1055 3114 1206 3176 coniectis
1230 3113 1364 3176 detur-v

226 3218 336 3281 abati
360 3220 521 3301 turrisque
544 3239 698 3283 succensa
721 3225 776 3283 est.

243 3345 255 3386 1
359 3323 459 3389 Erant
481 3327 515 3388 in
539 3346 576 3390 ee
598 3326 722 3410 legione
745 3327 910 3390 fortissimi
933 3328 1006 3408 viri,
1034 3328 1252 3408 centuriones
1281 3328 1336 3408 qui
1355 3338 1391 3390 44

270 3433 333 3494 iam
357 3434 468 3515 primis
492 3432 658 3496 ordinibus
677 3434 980 3517 adpropinquarent,
1002 3433 1144 3524 T.P1dlo
1169 3438 1200 3496 et
1223 3433 1256 3496 L.
1274 3433 1338 3496 Vo-

361 3609 394 3663 10
413 3608 573 3677 reliquisque
593 3609 685 3663 diebus
705 3629 722 3660 a
759 3608 767 3680 b
806 3610 846 3664 10.
868 3611 899 3662 11
919 3609 1086 3662 latitudinem
1103 3616 1121 3676 β

358 3699 403 3754 43.
424 3699 440 3750 2
459 3698 544 3752 fusilis
564 3698 677 3765 (Helm.)
702 3697 871 3767 OWupener3
891 3697 1002 3750 fusiliX
1036 3697 1043 3768 b
1081 3699 1096 3752 3
1115 3698 1203 3750 fundis
1223 3716 1275 3751 om.
1294 3706 1311 3766 β
1329 3699 1337 3770 b

267 3787 355 3841 iacula
373 3788 552 3854 feruefactapt
589 3787 596 3860 b
637 3787 781 3854 4Haecfl
817 3786 825 3858 b
862 3789 1004 3842 domnem
1024 3791 1170 3841 castrorum
1189 3787 1276 3841 locum
1295 3795 1311 3855 β
1330 3788 1337 3860 b

267 3876 382 3930 ’lsicuti
403 3878 498 3945 (secuti
518 3877 550 3944 S)
571 3896 598 3944 ας
617 3877 729 3931 insecuti
748 3877 858 3945 quasifi
895 3876 902 3947 b
938 3877 1010 3930 ant
1028 3877 1053 3944 [ς
1073 3879 1113 3930 Ao
1131 3878 1162 3930 X
1196 3877 1204 3950 b
1242 3879 1276 3933 10
1287 3896 1338 3931 un-

266 3967 350 4035 dique
368 3974 397 4033 β;
416 3967 514 4035 ubique
534 3986 551 4017 a
588 3965 595 4037 b
634 3967 674 4019 12.
696 3967 728 4020 13
748 3966 912 4035 demigrandi
928 3965 1070 4019 causadcl.
1089 3967 1233 4020 Gitlbuuer
1264 3967 1272 4038 b
1305 3969 1337 4022 16

266 4071 300 4108 eo
319 4056 361 4108 die
380 4056 429 4108 dcl.
449 4055 574 4109 Promm.
612 4054 620 4126 b
658 4056 692 4110 20
711 4056 810 4109 adacta.
840 4055 1057 4124 contingentesss
1093 4055 1100 4126 b
1139 4057 1172 4109 22
1193 4057 1250 4126 (ac)
1272 4058 1339 4109 nutu

268 4145 316 4197 ate
336 4145 362 4198 b.

314 4163 335 4213 p
360 4237 406 4288 44.
426 4234 442 4287 2
461 4235 513 4289 ium
532 4252 584 4287 om.
606 4254 623 4286 α
656 4235 664 4303 b
696 4234 773 4288 Pulio
794 4237 922 4303 (semper)
942 4235 1029 4304 Na'pp.
