3214 4812
542 341 649 395 LIBER
667 341 740 394 vul.
761 341 837 394 cnP.
859 341 979 395 12-15.
1227 325 1290 386 227

227 511 420 570 armatorum
450 524 506 588 pro
535 505 601 567 suis
629 505 792 566 instruunt
819 505 942 584 castris,
969 522 1011 566 ne
1038 503 1128 586 prius
1155 501 1292 566 Romani

186 636 212 677 ιο
225 614 374 695 persequi
398 631 432 675 se
455 612 651 694 inciperent,
673 629 768 691 quarn
793 610 919 693 longius
947 629 1060 692 agmen
1083 609 1293 693 impedimen-

226 725 332 782 torum
360 737 492 782 suorum
519 718 732 801 processisset.
779 721 812 781 at
834 715 949 780 Caesar
975 735 1081 797 neque
1108 717 1320 780 resistentese

226 825 460 908 adgrediundos
486 829 573 888 tauto
607 824 695 888 collis
728 843 861 888 ascensu
889 823 1062 904 iudicabat,
1095 841 1199 905 neque
1226 841 1291 885 non

226 951 327 1015 usque
356 951 393 996 eo
421 932 564 1015 legiones
588 930 814 1012 admovendas,
844 934 878 993 ut
902 929 1064 993 discedere
1093 949 1133 992 ex
1161 949 1198 992 eo
1221 929 1291 992 loco

225 1040 294 1103 sine
322 1039 462 1122 periculo
495 1038 621 1102 barbari
649 1038 803 1100 militibus
834 1037 1027 1100 instantibus
1059 1056 1124 1099 non
1153 1041 1291 1119 possent.

185 1170 211 1210 15
225 1147 283 1228 ita,
312 1165 386 1208 cum
414 1145 529 1229 palude
558 1145 709 1227 impedita
733 1165 751 1206 a
775 1146 885 1208 castris
909 1151 1009 1208 castra
1038 1143 1140 1206 dividi
1163 1142 1320 1226 videreta

227 1271 308 1334 quae
331 1252 517 1316 transeundi
541 1251 710 1314 difficultas
734 1251 927 1314 celeritatem
955 1251 1145 1332 insequendi
1169 1251 1293 1314 tardare

225 1365 343 1442 posset,
376 1365 471 1441 atque
498 1358 532 1420 id
559 1359 685 1440 iugum,
719 1359 804 1438 quod
833 1363 919 1421 trans
947 1358 1096 1441 paludem
1123 1377 1224 1441 paene
1253 1357 1293 1420 ad

203 1467 367 1529 ‘hostium
390 1471 493 1528 castra
515 1466 700 1547 pertineret,
729 1464 879 1527 mediocri
902 1465 984 1527 valle
1007 1486 1025 1528 a
1048 1466 1159 1528 castris
1183 1483 1292 1527 eorum

225 1574 410 1636 intercisum
435 1573 714 1652 animadverteret,
742 1569 892 1654 pontibus
918 1571 1035 1655 palude
1063 1577 1222 1635 constrata
1248 1573 1293 1635 le·

185 1681 335 1762 regiones
369 1679 505 1743 traducit
536 1679 744 1761 celeriterque
776 1679 810 1740 iu
838 1697 995 1741 summam
1027 1678 1192 1762 planitiem
1225 1680 1293 1761 iugi

225 1789 383 1870 pervenit,
408 1804 489 1868 quae
509 1786 624 1849 declivi
647 1785 773 1868 fastigio
798 1785 922 1849 duobus
942 1785 980 1848 ab
999 1785 1151 1848 lateribus
1169 1787 1293 1849 munie-

226 1893 326 1957 batur.
373 1893 420 1955 ibi
447 1892 629 1976 legionibus
657 1893 820 1956 instructis
848 1893 887 1955 ad
915 1893 1065 1955 ultimum
1088 1894 1200 1975 iugum
1223 1909 1320 1975 per-5

226 2001 313 2062 venit
341 2001 507 2082 aciemque
532 2019 569 2063 eo
594 1999 663 2062 loco
692 2001 870 2081 coustituit,
902 1999 989 2062 unde
1017 2003 1173 2062 tormento
1197 2001 1293 2063 missa

200 2107 288 2170 rtela
323 2108 355 2169 in
389 2107 529 2169 hostium
565 2125 683 2169 euneos
717 2107 797 2169 coici
831 2112 967 2190 possent.
1016 2106 1150 2169 Barbari
1182 2106 1294 2170 confisi
1311 2114 1349 2168 15

227 2214 289 2276 loci
305 2219 432 2294 natura,
456 2233 529 2276 cum
546 2213 696 2276 dimicare
712 2232 777 2276 non
793 2218 988 2296 recusarent,
1012 2215 1040 2276 si
1062 2214 1142 2277 forte
1157 2213 1293 2278 Romani
1379 2209 1381 2214 ⁸

227 2322 335 2384 subire
360 2320 474 2383 collem
497 2325 702 2401 conarentur,
729 2320 946 2403 paulatimque
975 2321 1082 2404 copias
1111 2320 1293 2384 distributas

228 2427 386 2490 dimittere
418 2446 482 2490 non
517 2427 682 2508 auderent,
714 2445 756 2490 ne
789 2427 922 2510 dispersi
953 2427 1226 2511 perturbarentur,
1258 2429 1292 2490 in

200 2536 294 2596 saeie
314 2539 565 2617 permanserunt.
602 2553 739 2616 quorum
759 2535 934 2616 pertinacia
953 2536 1078 2618 cognita
1097 2534 1212 2598 Caesar
1226 2535 1322 2598 XX2

227 2640 409 2704 cohortibus
424 2641 588 2704 instructis
603 2642 778 2723 castrisque
793 2661 829 2705 eo
845 2641 914 2704 loco
930 2643 1055 2705 metatis
1070 2644 1192 2706 muniri
1205 2642 1295 2705 iubet

227 2755 335 2811 castra.
371 2748 524 2811 absolutis
541 2747 688 2831 operibus
704 2767 761 2830 pro
778 2748 861 2810 vallo
876 2747 1018 2830 legiones
1032 2751 1203 2812 instructas
1219 2768 1293 2812 con·
1307 2765 1322 2806 3

227 2855 321 2937 locat,
346 2856 468 2938 equites
484 2854 614 2917 frenatis
631 2855 724 2936 equis
747 2856 782 2917 in
799 2854 988 2918 stationibus
1006 2855 1152 2939 disponit.
1188 2855 1323 2918 Bello-4

227 2963 306 3043 vaci,
323 2982 396 3024 oum
407 2961 568 3024 Romanos
584 2960 623 3023 ad
641 2962 874 3043 insequendum
890 2973 1016 3045 paratos
1030 2961 1174 3025 riderent
1191 2981 1294 3045 neque

187 3087 213 3128 ro
227 3073 412 3150 pernoctare
436 3073 492 3131 aut
509 3069 628 3131 diutius
644 3087 830 3151 permanere
849 3071 917 3132 sine
935 3069 1075 3152 periculo
1095 3070 1206 3133 eodem
1222 3069 1294 3133 loco

317 3335 333 3388 9
352 3350 399 3402 pro
422 3333 512 3388 Oiaco.
526 3333 596 3400 cod.;
615 3333 640 3386 in
654 3332 685 3385 X
713 3334 722 3402 [t
756 3336 786 3387 11
801 3351 887 3403 neque
904 3335 1058 3389 resistentes
1070 3351 1157 3404 neque
1170 3335 1296 3390 cedentes

225 3429 243 3489 β
273 3428 282 3490 ΙΙ
316 3423 349 3476 12
369 3423 561 3492 adgrediundos
582 3441 611 3490 ‘23
630 3430 719 3490 owart
750 3423 759 3491 tl
791 3439 904 3476 ascensu
921 3424 1088 3478 lacessendos
1106 3424 1267 3492 iudicabatfl
1286 3423 1296 3496 ll

229 3514 260 3566 13
280 3529 314 3566 ex
333 3529 363 3566 eo
383 3530 413 3580 ας
437 3519 506 3579 exp
546 3514 555 3582 ΙΙ
597 3515 629 3566 15
650 3529 711 3565 oum
730 3513 793 3582 φῶς
817 3530 869 3566 om.
885 3519 923 3582 χβ
963 3514 971 3580 ΙΙ
1012 3513 1139 3567 acastris
1158 3515 1245 3566 eastra
1264 3533 1295 3582 cr,

226 3604 313 3656 eastra
331 3601 477 3669 castrisque
495 3607 514 3668 β
544 3602 552 3670 tt
590 3601 671 3655 dividi
689 3602 791 3655 videret
809 3601 908 3669 Nipp.;
932 3602 1062 3654 diuideret
1080 3621 1114 3672 p,
1138 3603 1202 3655 dum
1225 3603 1294 3656 diui-

227 3692 302 3744 deret
320 3690 398 3757 B·Q;
418 3691 586 3744 dumuideret
604 3690 643 3759 A;
663 3691 832 3744 dimitterent.
852 3692 916 3744 dum
935 3691 1066 3745 diuideret
1082 3698 1100 3759 β
1131 3691 1140 3760 ss
1173 3693 1206 3746 16
1225 3709 1295 3761 quae

226 3787 315 3847 onst
346 3781 354 3849 11
386 3780 514 3846 tardarit}
545 3781 553 3848 tt
586 3782 621 3834 17.
638 3781 674 3850 id]
694 3780 726 3833 ad
734 3779 797 3849 pSf
817 3781 825 3849 tt
853 3781 885 3834 19
899 3781 1017 3834 animum
1035 3781 1187 3835 aduerteret
1196 3781 1296 3854 xBMtl

227 3870 330 3936 alep
360 3875 369 3938 lt
402 3870 436 3922 22
455 3870 497 3924 Ibi
515 3889 549 3940 qq
569 3870 621 3924 Vbi
635 3877 673 3940 χβ

316 3977 361 4031 lb.
381 3977 397 4028 3
421 3975 602 4044 paulatimque
624 3984 653 4045 fl,
680 3976 808 4046 paulatim
827 3995 856 4044 a,
884 3976 1013 4044 paulatim
1036 3980 1126 4032 autern
1149 3977 1264 4032 Nitsclre
1285 3977 1295 4050 tl

226 4065 391 4118 laudarent
408 4072 436 4132 μς
456 4067 564 4133 possent
583 4084 600 4116 α
632 4067 642 4134 11
673 4066 879 4131 turbarenturfl
910 4067 918 4135 ΙΙ
950 4067 1088 4120 bmunire
1102 4086 1135 4137 χ;
1156 4068 1294 4136 menapios

227 4153 366 4220 munirer}
397 4154 405 4222 ll
438 4152 601 4207 labsulutis
620 4173 655 4222 ης
674 4171 705 4208 ac
724 4155 818 4208 solutis
832 4173 862 4222 α;
881 4155 1046 4227 absolutosq
1077 4157 1086 4226 t}
1117 4157 1233 4226 legiones
1246 4173 1297 4225 pro

227 4243 331 4310 uallop
363 4244 372 4312 ll
403 4242 550 4296 8stationo
570 4262 588 4294 a
620 4243 628 4310 tt
661 4244 695 4299 10
713 4260 851 4298 remanere
869 4263 888 4298 a

1080 4353 1133 4407 15*
