3214 4812
589 320 697 374 LIBER
716 320 789 374 Vlll.
815 319 893 376 olP.
912 322 994 376 4-7.
1263 311 1326 372 221

260 505 334 547 uam
360 484 551 568 plerumque
578 503 693 566 magua
725 483 841 568 praeda
868 485 961 568 potiti
989 486 1088 548 nostri
1116 491 1328 552 revertuntur.

260 592 402 674 oppressi
419 589 573 654 Carnutes
594 590 708 654 hiemis
725 589 923 672 difficultate,
947 597 1065 654 terrore
1081 593 1230 676 periculi,
1254 613 1356 660 crima

219 698 350 765 15160118
373 697 501 780 expulsi
528 697 618 760 nullo
645 696 714 760 loco
745 695 867 760 diutius
895 697 1069 762 consistere
1093 699 1248 766 auderent
1270 720 1329 766 neo

258 805 411 868 silvarum
435 803 594 887 praesidio
623 802 863 886 tempestatibus
892 802 1072 868 durissimis
1100 809 1163 890 tegi
1190 813 1329 892 possent,

260 911 394 994 dispersi
416 930 532 993 magna
554 915 643 994 parte
666 911 781 974 amissa
804 929 936 974 suorum
960 911 1157 994 dissipantur
1180 915 1213 976 in
1232 914 1329 978 finiti-

260 1037 328 1080 mas
351 1019 504 1082 civitates.

233 1151 246 1191 1
349 1123 465 1188 Caesar
492 1129 633 1208 tempore
657 1123 732 1186 aurai
762 1121 966 1204 difficillimo,
996 1143 1069 1188 erun
1097 1125 1173 1188 satis
1199 1126 1366 1196 babereto

259 1232 489 1294 convenientes
505 1249 620 1294 manus
637 1229 806 1312 dissipare,
823 1249 862 1294 ne
879 1229 966 1312 quod
981 1231 1111 1295 initium
1129 1231 1205 1296 belli
1221 1251 1329 1297 nasce-

261 1343 360 1418 retur,
388 1342 609 1420 quantumque
641 1337 674 1398 in
703 1337 824 1400 ratione
848 1341 943 1420 esset,
972 1337 1173 1420 exploratum
1200 1339 1329 1404 haberet

259 1444 320 1507 sub
354 1449 478 1527 tempus
511 1444 706 1506 aestivorum
739 1443 864 1506 nullum
895 1462 1058 1508 summum
1086 1445 1205 1509 bellum
1237 1466 1328 1529 posse

230 1550 406 1632 aconllari,
426 1549 458 1612 Ο.
470 1550 661 1614 Trebonium
680 1569 753 1612 oum
770 1548 893 1614 duabus
908 1550 1102 1633 legionibus,
1121 1572 1201 1634 quas
1219 1572 1329 1616 secum

261 1657 409 1740 babebat,
433 1659 467 1720 in
491 1657 634 1720 hibernis
651 1654 768 1720 Cenabi
794 1656 987 1734 conlocavit;
1012 1658 1092 1740 ipse,
1116 1677 1190 1722 curu
1210 1660 1356 1724 crebrisa

261 1764 477 1848 legationibus
500 1763 673 1828 Remorum
697 1762 813 1826 certior
835 1761 924 1828 fieret
947 1763 1146 1846 Bellovacos,
1175 1768 1231 1848 qui
1255 1765 1329 1830 belli

261 1871 365 1954 gloria
391 1871 499 1936 Gallos
527 1889 636 1932 omnes
664 1869 844 1952 Belgasque
871 1869 1087 1954 praestabant,
1114 1871 1329 1956 finitimasque

262 1979 311 2041 his
334 1978 479 2042 civitates
508 1976 589 2040 duce
618 1975 732 2040 Correo
757 1975 926 2042 Bellovaco
955 1983 986 2040 et
1009 1976 1154 2042 Commio
1178 1979 1330 2044 Atrebate

220 2086 422 2150 roexeroitus
454 2101 637 2166 comparare
670 2087 764 2165 atque
796 2084 830 2146 in
863 2104 964 2148 unum
996 2085 1104 2150 locum
1136 2105 1262 2170 cogere,
1295 2093 1332 2150 ut

262 2193 351 2254 omni
373 2189 578 2254 mrdtitudiue
606 2191 639 2252 iu
666 2188 746 2254 fines
770 2187 991 2271 Suessionum,
1020 2193 1078 2273 qui
1104 2192 1214 2256 Remis
1242 2200 1331 2257 erant

261 2299 418 2380 attributi,
440 2298 579 2361 facerent
601 2297 854 2378 impressionem,
878 2298 1037 2380 pertinere
1053 2305 1159 2362 autem
1178 2319 1242 2362 non
1262 2305 1330 2364 tau-

262 2411 330 2470 tum
354 2406 394 2467 ad
418 2404 617 2488 dignitatem,
640 2403 696 2468 scd
721 2404 816 2466 otiam
841 2403 1037 2468 adsalutem
1061 2425 1152 2468 suam
1175 2407 1331 2472 iudicaret

262 2513 384 2576 nullam
407 2511 620 2574 calamitatem
647 2510 749 2573 socios
773 2512 890 2593 optime
919 2511 958 2574 de
985 2512 1171 2595 republica
1199 2515 1331 2578 meritos

221 2621 417 2701 reaccipere,
440 2618 599 2700 legionem
624 2635 665 2680 ex
688 2616 831 2679 hibernis
855 2623 966 2680 evocat
988 2638 1099 2682 rursus
1115 2618 1187 2700 XL,
1210 2620 1358 2684 litterass

262 2731 370 2788 autem
385 2725 424 2788 ad
441 2724 473 2788 C.
487 2723 621 2788 Fabium
639 2723 747 2804 mittit,
768 2727 804 2785 ut
819 2724 854 2786 in
869 2722 949 2786 fines
966 2722 1173 2788 Suessionum
1189 2725 1331 2807 legiones

263 2832 356 2910 duas,
380 2851 459 2914 quas
479 2830 626 2912 habebat,
649 2830 833 2910 adduceret,
857 2829 1052 2910 alteramque
1076 2849 1117 2894 ex
1141 2831 1266 2896 duabus
1290 2831 1330 2896 ab

263 2937 322 3023 [L]
339 2938 478 3002 Labieno
503 2938 639 3000 arcessit.
679 2937 735 3017 ita,
760 2941 914 3017 quautam
938 2936 1146 3000 hibernorum
1167 2939 1357 3020 oportuni-r

264 3051 311 3108 tas
334 3045 475 3127 bellique
498 3045 577 3106 ratio
596 3042 788 3126 postulabat,
811 3050 962 3126 perpetuo
980 3062 1037 3106 suo
1055 3042 1162 3108 labore
1177 3045 1212 3108 in
1229 3045 1331 3110 vicem

236 3151 445 3235 rlegionibus
484 3149 724 3234 expeditionum
764 3168 845 3212 onus
882 3150 1078 3234 iniungebat.
1136 3151 1196 3218 His
1230 3153 1366 3236 copiis?

264 3261 381 3323 coactis
413 3259 452 3322 ad
482 3258 670 3322 Bellovacos
701 3255 913 3339 proficiscitur
944 3259 1122 3342 castrisque
1154 3261 1188 3324 in
1221 3278 1331 3323 eorum

262 3366 381 3430 finibus
408 3366 519 3449 positis
547 3364 691 3446 equitum
720 3370 840 3427 turmas
869 3363 1001 3427 dimittit
1030 3365 1063 3430 in
1089 3385 1198 3429 onrucs
1226 3369 1332 3448 partes

265 3473 305 3535 ad
333 3473 457 3555 aliquos
485 3470 703 3553 excipiendos,
736 3488 777 3532 ex
806 3469 924 3551 quibus
953 3471 1092 3534 hostium
1120 3471 1252 3534 consilia
1280 3490 1332 3534 co-

234 3583 439 3662 agnosceret.
474 3580 596 3662 equites
617 3577 720 3640 officio
740 3575 843 3638 functi
858 3578 1043 3640 renuntiant
1058 3596 1176 3660 paucos
1196 3578 1230 3639 iu
1246 3577 1331 3640 aedi·
1345 3597 1359 3640 2

263 3685 347 3749 ficiis
370 3704 438 3749 esse
461 3686 610 3749 inventos
633 3690 728 3766 atque
748 3683 818 3765 hos,
843 3702 906 3747 non
929 3684 986 3766 qui
1012 3703 1161 3768 agrorum
1183 3685 1333 3748 colendo·

354 3879 382 3934 a.
402 3878 419 3932 2
436 3896 470 3932 ne
489 3885 578 3945 emp]
609 3879 618 3948 [t
650 3879 779 3944 bessafl
811 3881 819 3943 [t
851 3877 1015 3948 bgenabip
1047 3879 1055 3946 tt
1093 3877 1239 3946 collocats
1270 3879 1279 3948 tl
1316 3878 1332 3932 9

263 3968 298 4021 iis
316 3967 400 4038 Bne,
419 3985 472 4021 om.
493 3967 573 4036 ΒΨ
604 3969 612 4035 ΙΙ
644 3967 737 4021 sorbeo
757 3986 774 4018 o
806 3968 815 4036 lt
848 3969 880 4019 11
900 3967 928 4019 iu
947 3985 996 4034 ‹co3
1015 3984 1048 4021 ue
1067 3967 1094 4021 in
1111 3975 1129 4034 β
1160 3970 1169 4038 tt
1203 3969 1234 4022 ll
1254 3971 1279 4021 et
1299 3968 1332 4021 16

263 4057 433 4110 suessionum
446 4056 532 4126 (0²)s3
551 4055 753 4110 suessonumX
777 4057 785 4124 tl
814 4057 855 4108 17.
868 4056 901 4110 18
910 4055 943 4110 ab
955 4056 1003 4125 [L.]
1014 4055 1114 4126 Na'pp.3
1133 4057 1166 4112 ab
1186 4057 1256 4110 lucio
1267 4071 1333 4122 cqc

264 4145 304 4200 .L.
323 4165 352 4216 p,
371 4145 408 4199 .L.
423 4163 482 4214 aa,
500 4145 647 4214 legionibus
666 4163 682 4200 a
698 4145 717 4213 f
734 4147 743 4215 tt
768 4145 1003 4214 18ltaa31taque
1021 4153 1039 4214 β
1062 4147 1070 4214 tl
1094 4147 1129 4201 20
1147 4145 1302 4216 inpingebat
1321 4144 1339 4211 s

356 4237 382 4290 1.
401 4237 419 4288 4
438 4236 611 4304 consilium]
642 4235 650 4303 t!
682 4235 706 4287 4.
727 4237 743 4288 5
763 4238 986 4303 cognoscerentfl
1017 4238 1027 4302 ll
1059 4235 1142 4305 bqui
1161 4252 1213 4289 uon
1231 4234 1249 4288 Ιι
