3126 4968
294 345 336 406 22
693 359 800 414 BllLLI
818 360 961 416 GALLICI

264 523 341 587 erei
363 521 509 606 publicae
532 541 602 587 esse
625 523 844 588 arbitrabatur.
889 524 1044 608 paulatim
1063 531 1170 587 autem
1187 521 1362 587 Germanos

292 647 500 693 consuescere
515 629 663 694 Rhenum
679 632 862 694 transireat
884 633 918 694 in
935 629 1070 695 Galliam
1087 650 1236 714 magnam
1252 648 1363 694 eorum

294 735 534 799 multitudinem
556 739 668 801 venire
690 738 808 822 populo
823 737 968 802 Romano
986 737 1203 821 periculosum
1226 735 1361 818 ridebat,

264 861 397 926 ineque
419 842 483 906 sibi
506 843 650 908 homines
672 845 756 908 feros
779 864 815 908 ao
839 844 991 908 barbaros
1007 850 1237 928 temperaturos
1253 843 1361 906 existi-
1376 867 1404 908 re

294 949 413 1030 mabat,
438 952 528 1034 quin,
551 969 626 1013 cum
649 969 777 1014 omnem
800 951 936 1014 Galliam
960 953 1213 1035 occupavissent,
1237 955 1361 1012 utente

295 1055 417 1120 Cimbri
439 1057 638 1141 Teutonique
660 1058 819 1141 fecissent,
844 1059 879 1120 in
894 1058 1094 1141 provinciam
1118 1057 1244 1121 exirent
1266 1063 1362 1138 atque

292 1165 368 1227 inde
390 1166 424 1227 iu
439 1165 565 1228 Italiam
582 1165 811 1228 contenderent
835 1163 1047 1248 [praesertim
1071 1184 1144 1228 cum
1161 1161 1326 1247 Sequanos
1344 1183 1363 1226 a

293 1273 458 1354 provincia
477 1277 585 1336 nostra
600 1272 774 1335 Rhodanus
799 1271 980 1355 divideret];
1006 1271 1124 1354 quibus
1145 1270 1242 1334 rebus
1266 1289 1362 1353 quam

265 1399 279 1440 a
292 1381 478 1442 maturrime
491 1379 724 1442 occurrendum
735 1379 874 1462 putabat.
898 1380 967 1462 ipse
977 1384 1084 1443 autem
1100 1379 1283 1442 Ariovistus
1294 1383 1362 1440 tan-
1376 1398 1404 1440 ao

294 1491 343 1548 tos
357 1485 421 1549 sibi
436 1486 574 1569 spiritus,
590 1492 710 1549 tantam
726 1487 941 1570 arrogantiam
957 1491 1143 1568 sumpserat,
1161 1490 1198 1548 ut
1212 1484 1363 1548 ferendus

239 1603 276 1660 34
294 1612 360 1655 non
372 1593 542 1656 videretiu.
567 1591 670 1668 Quam
686 1593 725 1656 ob
738 1612 806 1656 rem
817 1593 937 1676 placuit
952 1595 989 1674 ei,
1006 1598 1041 1655 ut
1052 1593 1093 1656 ad
1106 1593 1306 1655 Ariovistum
1317 1591 1388 1654 le-1

292 1705 382 1782 gatos
397 1702 544 1782 mitteret,
561 1701 618 1782 qui
633 1700 672 1763 ab
688 1719 726 1764 eo
737 1700 944 1784 postularent,
960 1701 1009 1763 uti
1022 1700 1163 1781 aliquem
1178 1699 1286 1763 locum
1298 1717 1362 1762 me-

294 1806 384 1868 dium
400 1807 569 1888 utriusque
582 1807 754 1890 conloquio
766 1807 930 1890 deligeret:
948 1807 1031 1870 velle
1048 1825 1118 1870 sese
1134 1807 1172 1870 de
1189 1805 1363 1889 republica

266 1932 279 1972 2
293 1918 325 1974 et
340 1914 473 1975 summis
488 1914 657 1994 utriusque
672 1914 769 1977 rebus
785 1933 859 1976 cum
875 1933 911 1977 eo
928 1931 1030 1998 agere.
1055 1914 1085 1976 ei
1100 1914 1255 1996 legationi
1269 1913 1362 1976 Ario-

293 2019 395 2082 vistus
418 2020 594 2103 respondit:
624 2022 752 2104 siquid
779 2023 841 2105 ipsi
864 2043 883 2085 a
906 2021 1041 2086 Caesare
1066 2040 1145 2104 opus
1169 2025 1265 2100 esset,
1293 2037 1389 2082 eeseo

294 2125 335 2187 ad
358 2145 433 2188 eum
456 2133 629 2190 venturum
651 2127 762 2208 fuisse,
789 2130 911 2210 siquid
929 2129 984 2192 ille
1001 2148 1034 2192 se
1051 2127 1141 2208 velit,
1159 2127 1257 2189 'illum
1273 2125 1362 2189 adse

265 2235 403 2296 evenire
427 2241 577 2317 oportere.
622 2242 784 2318 praeterea
806 2255 840 2299 se
863 2255 968 2318 neque
992 2236 1060 2299 siue
1086 2234 1230 2297 exercitu
1254 2235 1289 2296 in
1310 2252 1363 2296 eas

293 2347 398 2422 partes
436 2341 557 2405 Galliae
593 2344 704 2406 venire
741 2343 871 2424 audere,
910 2363 989 2426 quas
1028 2341 1143 2405 Caesar
1179 2339 1363 2423 possideret,

295 2467 400 2530 neque
424 2451 602 2512 exercitum
626 2450 694 2513 sine
717 2469 833 2533 magno
857 2455 1037 2514 commeatu
1061 2454 1156 2531 atque
1177 2447 1362 2510 molimento

265 2556 328 2616 ain
359 2574 462 2617 unum
493 2555 600 2618 locum
633 2557 818 2620 contrahere
851 2576 951 2640 posse,
1010 2557 1072 2619 sibi
1104 2560 1211 2618 autem
1245 2556 1363 2617 mirum
1378 2573 1404 2614 ro

294 2661 410 2745 videri,
435 2661 511 2743 quid
535 2663 569 2724 in
593 2682 653 2725 aua
675 2663 790 2746 Gallia,
815 2683 912 2746 quam
936 2662 1020 2727 bello
1041 2664 1182 2742 vicisset,
1207 2665 1263 2724 aut
1286 2661 1363 2724 an-

238 2779 275 2834 35
294 2769 358 2831 sari
396 2774 452 2832 aut
490 2770 620 2832 omnino
658 2771 776 2853 populo
814 2770 958 2833 Romano
997 2771 1118 2853 negotii
1157 2775 1246 2832 esset.
1301 2768 1389 2832 Hier

294 2877 454 2958 responsis
487 2874 529 2937 ad
561 2875 727 2940 Caesarem
763 2877 872 2940 relatis
908 2879 1026 2941 iterum
1063 2876 1104 2940 ad
1141 2897 1215 2940 cum
1248 2876 1364 2940 Caesar

267 2981 416 3064 alegatos
444 3001 519 3045 cum
545 2983 595 3044 his
618 2984 776 3046 mandatis
798 2986 907 3047 mittit:
938 2985 1090 3066 quoniam
1115 2987 1202 3045 tanto
1226 3001 1284 3045 suo
1309 3001 1363 3064 po-

294 3088 425 3170 pulique
448 3087 586 3151 Romani
607 3089 762 3152 beneficio
787 3090 941 3172 adfectae,
966 3109 1040 3152 cum
1062 3091 1096 3152 in
1120 3089 1288 3152 consulatu
1305 3107 1362 3151 suo

293 3213 352 3257 rex
379 3201 475 3276 atque
508 3197 630 3258 amicus
659 3216 678 3257 a
704 3200 818 3259 senatu
850 3196 1026 3278 appellatus
1059 3201 1154 3275 esset,
1186 3197 1269 3258 hanc
1302 3193 1390 3258 sibia

297 3301 479 3384 populoque
495 3301 639 3365 Romano
662 3303 797 3385 gratiam
812 3302 955 3385 referret,
973 3311 1016 3365 ut
1035 3305 1070 3366 in
1086 3303 1295 3386 conloquium
1309 3320 1363 3364 ve-

295 3409 364 3472 nire
388 3409 542 3472 invitatus
565 3415 752 3492 gravaretur
766 3428 871 3490 neque
888 3409 927 3471 de
944 3412 1107 3472 communi
1122 3430 1156 3473 re
1174 3406 1363 3472 discendum

294 3515 357 3578 sibi
388 3522 421 3579 et
452 3515 711 3599 cognoscendum
744 3521 883 3598 putaret,
915 3516 992 3579 haec
1025 3536 1105 3599 esse,
1139 3535 1221 3597 quae
1255 3514 1294 3576 ab
1323 3533 1361 3577 eo

267 3622 482 3703 epostularet:
507 3625 647 3705 primum
670 3643 710 3686 ne
735 3642 832 3705 quam
846 3623 1085 3687 multitudinem
1108 3625 1275 3686 hominum
1299 3641 1364 3683 am-

385 3835 417 3886 15
436 3837 629 3902 temperaturos
642 3851 707 3901 rac.;
727 3835 766 3888 ed.
780 3835 807 3901 13
826 3836 1054 3903 obtemperaturos
1072 3833 1102 3886 X
1136 3833 1144 3905 11
1182 3834 1363 3902 18.19prae·

295 3921 387 3974 sertim
406 3938 468 3974 cum
487 3963 563 3975 .....
584 3923 715 3977 diuideret
732 3924 781 3977 del.
801 3924 889 3976 Bentl.

383 4010 429 4065 34.
443 4012 459 4063 3
472 4012 592 4079 utrisque
610 4011 699 4065 Oiacc.
738 4011 745 4083 11
782 4011 898 4066 duellet
911 4011 971 4064 HM
1005 4011 1013 4082 11
1050 4011 1233 4066 9molimento
1250 4011 1362 4076 Fcere,

296 4098 475 4152 emulomento
495 4101 550 4167 (uel
568 4100 757 4169 emolumento)
777 4101 807 4154 X

383 4189 429 4243 35.
450 4189 466 4240 2
489 4188 578 4242 relatis
606 4190 640 4258 O,
674 4191 764 4257 Va-sc.;
792 4191 887 4260 legatis
910 4192 941 4244 X
979 4189 987 4261 11
1028 4192 1042 4242 7
1068 4189 1224 4243 discendum
1246 4189 1361 4254 Faern.;

296 4276 437 4329 dicendum
455 4277 485 4330 X
