3218 4812
609 277 716 332 LIBER
736 279 767 331 V.
788 277 863 332 CAP.
885 278 1006 333 16-20.
1279 262 1342 325 109

275 460 338 523 que
362 441 422 504 hoc
446 459 551 526 aegre,
575 441 704 504 transiri
726 446 836 524 potest.
875 460 913 504 eo
937 460 1010 504 cum
1026 442 1176 523 venisset,
1201 439 1371 525 animati-2

243 572 260 614 a
276 549 372 612 vertit
387 548 426 611 ad
440 548 571 612 alteram
585 547 729 611 fluminis
739 548 837 631 ripam
856 567 986 631 magnas
1001 567 1070 612 esse
1084 549 1191 631 copias
1203 548 1342 611 hostium

274 656 453 719 instructas.
486 656 556 739 ripa
571 661 678 719 autem
694 659 761 718 erat
776 657 876 719 acutis
892 655 1028 719 sudibus
1044 655 1258 739 praefixisquc
1273 675 1372 721 inu-3

274 764 354 844 nita,
378 761 588 844 eiusdemque
611 763 738 846 generis
762 761 821 825 snb
846 781 929 845 aqua
952 760 1077 825 defixae
1100 761 1195 825 sudes
1211 761 1345 825 ilumine

274 867 478 952 tegebantur?
495 869 545 932 his
560 869 657 932 rebus
673 869 807 952 cognitis
824 889 843 930 a
858 869 991 951 captivis
1007 868 1213 952 perfugisque
1230 867 1372 935 Caesari
1486 926 1489 932 .

274 977 447 1058 praemisso
471 976 615 1057 equitatu
639 974 806 1040 confestim
822 974 961 1058 legiones
977 975 1131 1056 subsequi
1148 976 1248 1039 iussit.
1287 974 1372 1044 sede

232 1104 261 1147 ro
275 1101 313 1146 ea
336 1082 494 1146 celeritate
518 1087 614 1164 atque
638 1101 675 1145 eo
700 1083 822 1164 impetu
846 1082 964 1146 milites
993 1083 1112 1163 ierunt,
1141 1101 1215 1145 cum
1243 1083 1345 1164 capite

275 1189 342 1252 solo
366 1207 407 1252 ex
431 1209 513 1271 aqua
536 1193 694 1270 extarent,
718 1194 754 1252 ut
768 1189 875 1252 hostes
899 1189 1053 1271 impetlmr
1072 1189 1235 1272 legionum
1251 1192 1346 1269 atque

276 1296 421 1379 equitum
445 1296 602 1358 sustinere
625 1314 691 1358 non
708 1299 838 1378 possent
860 1296 1011 1378 ripasque
1034 1295 1229 1359 dimitterent
1252 1313 1289 1357 ac
1311 1313 1345 1358 se

248 1402 368 1486 ringae
390 1402 586 1466 mandarent.
634 1399 906 1484 Cassivellaunus,
935 1407 972 1465 ut
994 1421 1091 1484 supra
1119 1401 1401 1476 demonstravi-19

275 1529 362 1590 mus,
386 1509 474 1572 omni
498 1508 641 1592 deposita
664 1527 720 1592 spe
744 1509 957 1572 contentionis
977 1509 1116 1572 dimissis
1140 1507 1346 1592 amplioribus

276 1616 388 1699 copiis,
416 1615 547 1679 milibus
575 1616 702 1679 circiter
729 1614 796 1678 IIII
824 1615 1057 1680 essedariorum
1074 1602 1202 1680 ¹relictis
1230 1615 1347 1679 itinera

275 1729 383 1786 nostra
406 1722 552 1787 servabat
574 1722 771 1806 paulumque
795 1741 836 1786 ex
860 1724 912 1785 via
935 1723 1109 1788 excedebat
1122 1723 1265 1803 locisque
1287 1723 1346 1784 im-

244 1829 390 1913 speditis
414 1849 451 1892 ac
474 1829 676 1894 silvestribus
700 1849 769 1894 sese
793 1831 974 1894 occultabat
989 1835 1084 1913 atque
1100 1831 1140 1893 iis
1155 1828 1346 1913 regionibus

277 1936 393 2017 quibus
416 1955 475 1999 nos
497 1938 559 2000 iter
573 1937 711 2000 facturos
728 1943 933 2021 cognoverat,
959 1956 1072 2020 pecora
1091 1941 1186 2017 alque
1202 1935 1347 1999 homines

276 2063 318 2107 ex
341 2044 426 2127 agris
453 2045 488 2106 in
516 2044 612 2107 silvas
640 2044 850 2128 compellebat
877 2050 921 2126 et,
949 2064 1023 2107 cum
1051 2045 1212 2126 equitatus
1241 2048 1374 2110 nostera

276 2150 409 2213 liberius
432 2149 606 2233 praedandi
630 2150 840 2234 vastandique
864 2170 960 2215 causa
983 2169 1017 2214 se
1040 2152 1075 2212 in
1091 2169 1183 2234 agros
1206 2149 1347 2214 eitimde·

277 2262 340 2338 rot,
364 2257 512 2320 omnibus
535 2257 599 2320 viis
622 2257 808 2339 semitisque
831 2257 1005 2321 essedarios
1022 2276 1063 2320 ex
1079 2257 1170 2320 silvis
1186 2256 1348 2320 emittebat

236 2382 264 2424 ro
280 2372 311 2428 et
334 2383 450 2448 magno
474 2384 549 2428 curn
572 2363 713 2448 periculo
737 2369 920 2428 nostrorum
944 2365 1089 2446 equitum
1114 2383 1187 2427 eum
1203 2365 1252 2427 his
1274 2383 1347 2427 eon-

278 2470 409 2555 lligebat
432 2477 527 2552 atque
555 2471 615 2534 hoc
639 2477 727 2535 metu
749 2471 844 2535 latius
873 2472 982 2555 vagari
1010 2470 1205 2554 prohibebat.
1251 2470 1374 2538 telin-e

278 2577 450 2658 quebatur,
473 2581 639 2660 utusque
662 2577 789 2660 lougius
818 2577 858 2640 ub
881 2578 1009 2661 agmine
1036 2578 1199 2662 legionum
1228 2577 1347 2640 discedi

279 2683 395 2748 Caesar
417 2688 578 2767 pateretur
601 2689 632 2748 et
654 2689 777 2747 tanturn
802 2683 859 2769 [iu]
885 2686 969 2768 agris
993 2685 1155 2747 vastandis
1177 2683 1347 2746 incendiis-

279 2809 341 2872 que
373 2790 527 2854 faciendis
559 2791 703 2854 hostibus
735 2796 915 2872 noceretur,
950 2796 1105 2872 quantrnn
1140 2788 1204 2873 <in>
1240 2788 1348 2852 labore
1450 2838 1454 2846 .

238 2914 265 2958 ra
279 2903 374 2978 atque
398 2898 512 2962 itinere
534 2898 701 2981 legionarii
724 2897 840 2961 milites
865 2897 989 2961 efficere
1012 2901 1164 2980 poterant.

252 3022 265 3064 1
368 3003 501 3067 Interim
529 3005 751 3085 Trinouantes,
779 3023 876 3087 prope
900 3004 1082 3068 firmissima
1109 3021 1219 3066 earum
1246 3003 1348 3086 regio·
1366 3010 1403 3066 ab

278 3129 358 3174 num
391 3112 515 3193 civitas,
548 3130 589 3175 ex
618 3129 682 3191 qua
713 3109 963 3176 Mandubracius
991 3110 1178 3174 adulescens
1206 3109 1348 3173 Caesaris

278 3216 375 3280 fidem
398 3222 526 3281 secutus
554 3217 594 3282 ad
619 3236 692 3281 eum
719 3218 994 3282 incontinentem
1023 3215 1182 3301 [Galliam]
1212 3221 1348 3299 venerat
1376 3257 1379 3262 -

369 3448 394 3501 4.
414 3450 430 3502 5
449 3447 636 3500 animaduertit
658 3447 720 3515 Qlss3
744 3447 862 3501 anirnum
881 3447 995 3500 aduertit
1014 3465 1031 3498 ιι
1072 3447 1080 3514 ΙΙ
1122 3447 1138 3501 6
1157 3445 1281 3515 praefixis
1300 3464 1322 3515 φ
1341 3444 1349 3518 ll

278 3537 296 3589 ’7
316 3535 402 3590 defixe
422 3535 471 3590 sub
489 3542 592 3604 aquafl
624 3535 632 3604 ll
664 3535 736 3591 elis
756 3555 773 3587 ιι
805 3537 814 3605 ll
851 3535 968 3604 perfugis
988 3534 1152 3604 captiuisque
1164 3541 1181 3601 β
1217 3535 1225 3604 ll
1262 3534 1348 3602 tlsed]

277 3627 308 3678 et
331 3623 480 3678 WNitsebe
512 3626 520 3694 ll
554 3625 587 3680 10
606 3641 637 3679 eo
656 3631 745 3692 ουτ-,β

371 3732 450 3788 19.1
472 3731 667 3786 oasiuellaunus
687 3730 767 3798 M²n3
791 3730 998 3786 oasuuellaunus
1022 3751 1039 3783 ιι
1079 3737 1088 3799 u
1130 3731 1147 3785 2
1165 3747 1212 3800 spe
1231 3730 1351 3800 deposita

277 3827 298 3887 β
329 3821 337 3889 ll
369 3823 470 3888 baert
501 3821 510 3888 ll
542 3821 583 3874 his
601 3821 631 3889 fl
662 3823 671 3891 ΙΙ
702 3820 861 3875 Buastandi
880 3821 1112 3890 praedandiqueo
1143 3821 1152 3889 ll
1183 3821 1208 3876 8.
1229 3821 1245 3875 9
1264 3821 1350 3876 effun-

279 3909 356 3963 deret
373 3917 402 3977 βς
423 3909 520 3964 eiceret
540 3909 572 3977 Si
592 3910 707 3964 eiecerat
725 3927 742 3960 ιι
774 3910 783 3977 ll
815 3910 979 3978 comnose
1014 3911 1022 3978 ll
1058 3909 1118 3979 viis]
1138 3909 1207 3965 notis
1226 3910 1287 3964 odd.
1307 3915 1324 3976 β
1342 3905 1350 3980 ll

281 3998 317 4053 10
335 3998 368 4051 iis
387 4018 404 4050 ιι
436 4000 445 4068 ll
479 3999 512 4053 13
530 3998 558 4052 in
576 3999 626 4053 del.
645 3998 740 4053 Deiter
772 4001 780 4069 ll
812 4000 848 4052 14
865 3999 892 4052 in
912 4000 974 4054 add.
994 3999 1090 4053 Deiter

370 4105 416 4162 20.
437 4108 451 4159 1
465 4106 629 4161 trinouantes
641 4114 670 4175 rb
688 4107 851 4162 trinobantes
865 4115 914 4162 ιια·
939 4108 948 4176 ll
975 4106 992 4161 2
1005 4106 1212 4162 mandubraeius
1226 4123 1256 4173 ιι;
1276 4121 1351 4159 man·

279 4194 458 4263 drubaoiusfl
490 4196 498 4264 ll
531 4195 680 4252 3Galliam
698 4196 747 4250 del.
772 4196 861 4252 Oiaoc.
