3214 4812
312 321 376 384 228
702 333 808 387 BELLI
826 333 968 388 GALLICI

283 500 451 582 apossent,
472 497 535 560 talo
552 497 722 560 consilium
741 498 790 560 sui
806 496 980 579 recipiendi
999 501 1158 581 ceperunt.
1192 496 1293 561 fasces
1310 495 1378 580 [ubi

312 604 533 686 consederant,
555 621 695 685 namque
717 604 752 666 in
775 604 843 667 acie
866 603 976 668 sedere
1000 604 1108 668 Gallos
1132 622 1302 667 consuesse
1326 624 1379 668 su·

311 710 490 794 perioribus
514 711 750 774 commentariis
774 710 966 772 declaratum
991 716 1050 792 est,
1073 729 1130 794 per
1149 709 1275 794 manus]
1300 716 1378 774 stra·

313 823 492 880 mentorum
516 837 553 881 ac
571 817 796 900 virgultorum,
819 837 955 899 quorum
980 837 1105 881 summa
1128 823 1196 880 erat
1217 818 1379 882 incastris

313 925 415 1007 copia,
438 925 522 987 inter
544 943 577 988 se
594 924 725 988 traditos
741 929 815 988 ante
831 925 932 987 aciem
948 925 1154 987 conlocarunt
1169 929 1380 1006 extremoque
1394 950 1421 992 15

312 1036 453 1114 tempore
477 1030 542 1094 diei
564 1033 655 1114 signo
679 1033 884 1115 pronuntiato
908 1050 973 1094 uno
997 1034 1137 1113 ternpore
1159 1031 1379 1095 incenderunt.

286 1137 358 1202 nita
385 1139 552 1202 continens
579 1137 707 1200 flamma
734 1139 841 1220 copias
869 1156 979 1202 omnes
1006 1142 1135 1221 repente
1163 1158 1181 1200 a
1207 1144 1380 1220 conspectu

313 1245 393 1309 texit
414 1245 640 1323 Romanorum.
680 1244 765 1326 quod
789 1243 845 1307 ubi
869 1244 995 1326 accidit,
1019 1243 1145 1307 barbari
1168 1245 1380 1308 vehementis-

259 1366 295 1421 16
313 1353 393 1415 simo
421 1371 518 1414 cursu
545 1350 738 1435 refugerunt
786 1349 912 1434 Caesar,
945 1353 1003 1414 etsi
1037 1350 1212 1414 discessum
1239 1351 1407 1418 hostiumr

315 1459 566 1522 animadvertere
594 1477 661 1522 non
688 1462 811 1541 poterat
837 1459 996 1522 incendiis
1023 1459 1190 1542 oppositis,
1219 1464 1324 1521 tamen
1346 1458 1380 1521 id

315 1565 483 1629 consilium
507 1565 580 1627 crim
604 1564 698 1648 fugae
721 1584 818 1628 causa
841 1565 958 1628 initum
981 1565 1209 1648 suspicaretur,
1237 1564 1381 1647 legiones

314 1677 492 1755 promovet,
524 1676 645 1735 turmas
677 1672 774 1734 mittit
806 1672 846 1734 ad
876 1672 1125 1754 insequendum;
1160 1672 1228 1754 ipse
1261 1673 1381 1735 veritus

315 1779 460 1862 insidias,
489 1778 635 1842 neforto
663 1779 698 1841 in
727 1778 838 1842 codem
866 1778 936 1841 loco
965 1778 1136 1842 subsistere
1164 1779 1263 1842 hostis
1287 1784 1409 1860 atquea

316 1885 431 1948 elicere
454 1890 578 1948 nostros
601 1885 636 1947 iu
659 1885 766 1948 locum
789 1890 958 1948 conaretur
980 1885 1142 1967 iniquum,
1165 1885 1286 1948 tardius
1309 1905 1382 1968 pro-

288 1992 407 2055 acedit.
454 1993 576 2074 equites
600 2011 675 2054 cum
697 1993 815 2054 intrare
838 1991 963 2055 fumum
992 1996 1024 2054 et
1048 1989 1208 2054 flammam
1233 1993 1382 2055 densissi-

315 2117 400 2160 mam
424 2099 574 2161 timerent
592 2118 642 2181 ac,
666 2099 693 2162 si
710 2100 765 2181 qui
780 2097 929 2182 cupidius
943 2100 1152 2179 intraverant,
1177 2099 1233 2160 vix
1250 2118 1382 2161 suorum

315 2205 377 2288 ipsi
392 2207 513 2289 priores
528 2210 633 2288 partes
649 2205 937 2268 animadverterent
953 2223 1124 2287 equorum,
1140 2206 1274 2269 insidias
1291 2206 1383 2269 veriti

289 2312 449 2377 aliberam
471 2312 654 2375 facultatem
678 2312 728 2375 sui
747 2311 922 2395 recipiendi
937 2311 1114 2375 Bellovacis
1134 2312 1299 2376 dederunt.
1339 2314 1384 2375 ita
1398 2335 1424 2376 ιο

316 2420 391 2502 fuga
406 2420 528 2483 timoris
544 2419 640 2482 simul
656 2419 901 2501 calliditatisque
916 2418 1010 2501 plena
1026 2419 1094 2481 sine
1111 2419 1177 2481 ullo
1194 2419 1383 2482 detrimento

317 2526 406 2588 milia
432 2545 498 2589 non
527 2527 662 2609 amplius
689 2525 723 2589 X
750 2525 910 2610 progressi
936 2526 1041 2588 hostes
1068 2525 1139 2588 loco
1167 2527 1383 2589 munitissimo

289 2637 419 2696 acastre
450 2638 633 2716 posuerunt
688 2633 763 2696 iude
795 2651 869 2695 oum
903 2650 996 2715 saepe
1028 2634 1065 2694 in
1099 2630 1225 2694 insidiis
1260 2634 1384 2714 equites

317 2739 503 2823 peditesque
540 2739 757 2823 disponerent,
793 2759 908 2822 magna
946 2739 1135 2802 detrimenta
1165 2738 1318 2803 Romanis
1349 2741 1384 2802 in

264 2861 298 2916 11
317 2846 576 2930 pabulationibus
598 2846 783 2910 inferebant
831 2845 922 2922 Quod
951 2865 1025 2909 cum
1053 2845 1194 2910 crebrius
1218 2847 1410 2927 accideret,1

319 2973 358 3016 ex
382 2955 506 3037 captivo
531 2953 671 3035 quodam
694 2955 847 3038 comperit
871 2952 985 3016 Caesar
1009 2951 1173 3033 Carreum,
1199 2953 1384 3018 Bellovaco·

317 3080 390 3123 rum
418 3060 545 3141 ducem,
576 3061 820 3124 fortissimorum
853 3061 943 3123 milia
970 3078 1027 3123 sex
1055 3059 1198 3141 peditum
1231 3060 1385 3144 delegisse

319 3168 506 3248 equitesque
539 3185 580 3228 ex
608 3166 696 3229 omni
727 3185 860 3228 numero
888 3166 987 3250 mille,
1021 3186 1101 3248 quos
1128 3168 1162 3228 in
1189 3167 1318 3230 insidiis
1348 3187 1384 3230 eo

409 3415 450 3466 11.
472 3414 505 3466 12
523 3413 570 3466 ubi
583 3413 755 3467 consederant
767 3420 793 3481 133
813 3416 844 3466 ut
856 3416 1050 3468 consueuerant
1063 3432 1094 3481 α;
1113 3414 1162 3468 dcl.
1183 3415 1269 3468 Vc‘elb.
1301 3413 1309 3486 ll
1342 3415 1383 3468 12.

320 3505 486 3573 lanamque
506 3543 618 3557 .......
638 3502 798 3556 declaratum
818 3505 859 3556 est
877 3503 926 3556 del.
951 3503 1047 3557 Wcssc
1083 3505 1092 3572 ΙΙ
1129 3503 1163 3556 12
1181 3520 1278 3574 namp
1310 3506 1319 3572 1]
1352 3505 1385 3558 13

319 3592 513 3647 commentariis
525 3599 554 3659 β;
568 3591 761 3646 commentariis
773 3592 888 3646 caesaris
902 3611 919 3644 α
945 3593 953 3657 ll
980 3593 1013 3646 13
1022 3609 1070 3660 per
1082 3608 1177 3647 manus
1190 3593 1239 3647 dcl.
1256 3592 1365 3646 Dcelnc
1377 3590 1386 3662 ΙΙ

322 3683 354 3736 15
373 3681 570 3736 collocauerunt
587 3689 605 3748 β

409 3789 454 3844 16.
474 3789 491 3840 2
509 3788 628 3842 animum
646 3788 818 3857 aduerterelt)
837 3807 872 3859 ρα
897 3789 905 3858 ΙΙ
932 3789 949 3840 4
967 3789 1099 3857 promouit
1118 3808 1135 3840 α
1158 3791 1167 3858 ll
1189 3792 1292 3843 turmas
1305 3789 1388 3842 mittit

321 3895 410 3930 onan
451 3878 460 3945 11
501 3877 735 3947 11χβ;1111φ
776 3878 785 3946 ll
827 3878 1110 3948 beodemc93eon
1150 3880 1158 3949 11
1200 3879 1388 3945 llumumfl3

321 3981 457 4019 summum
473 3966 567 4036 iugum
586 3985 603 4017 α
644 3967 653 4035 ll
694 3968 718 4019 7.
737 3966 754 4019 8
773 3966 896 4020 timerent
918 3967 1103 4021 densissimam
1122 3989 1144 4020 π
1184 3971 1193 4039 ll
1234 3969 1388 4023 9animum

321 4056 544 4125 aduerterenth
575 4057 584 4126 ll
617 4057 648 4108 11
670 4055 802 4125 simulque
822 4054 971 4109 calliditatis
990 4074 1009 4110 a

410 4164 456 4217 17.
476 4163 492 4215 2
512 4163 636 4217 corbeum
656 4182 673 4214 α
705 4165 714 4229 ΙΙ
746 4164 771 4216 3.
791 4164 809 4216 4
827 4163 981 4232 equitesque
1000 4164 1160 4234 delegisset]
1191 4166 1200 4234 ΙΙ
1231 4165 1387 4235 41111111-

322 4251 430 4320 sidiisfl
